<?xml version="1.0" encoding="UTF-8"?>
<!DOCTYPE html PUBLIC "-//W3C//DTD XHTML 1.0 Transitional//EN"
    "http://www.w3.org/TR/xhtml1/DTD/xhtml1-transitional.dtd">
<html xmlns="http://www.w3.org/1999/xhtml" xml:lang="en" lang="en">
 <head>
  <title>
</title>
<meta http-equiv="Content-Type" content="text/html;charset=utf-8" />
  <meta name='ocr-system' content='tesseract 3.04.00' />
  <meta name='ocr-capabilities' content='ocr_page ocr_carea ocr_par ocr_line ocrx_word'/>
</head>
<body>
  <div class='ocr_page' id='page_1' title='image "./operahactenusine03baco_0148.png"; bbox 0 0 1898 3126; ppageno 0'>
   <div class='ocr_carea' id='block_1_1' title="bbox 63 1021 188 1062">
    <p class='ocr_par' dir='ltr' id='par_1_1' title="bbox 63 1021 188 1062">
     <span class='ocr_line' id='line_1_1' title="bbox 63 1021 188 1062; baseline 0.008 -11"><span class='ocrx_word' id='word_1_1' title='bbox 63 1021 188 1062; x_wconf 83' lang='lat' dir='ltr'>7Sb2.</span> 
     </span>
    </p>
   </div>
   <div class='ocr_carea' id='block_1_2' title="bbox 931 80 1011 121">
    <p class='ocr_par' dir='ltr' id='par_1_2' title="bbox 931 80 1011 121">
     <span class='ocr_line' id='line_1_2' title="bbox 931 80 1011 121; baseline 0.013 -12"><span class='ocrx_word' id='word_1_2' title='bbox 931 80 1011 121; x_wconf 83' lang='lat'>272</span> 
     </span>
    </p>
   </div>
   <div class='ocr_carea' id='block_1_3' title="bbox 205 181 1740 237">
    <p class='ocr_par' dir='ltr' id='par_1_3' title="bbox 205 181 1740 237">
     <span class='ocr_line' id='line_1_3' title="bbox 205 181 1740 237; baseline 0.003 -16"><span class='ocrx_word' id='word_1_3' title='bbox 205 181 310 221; x_wconf 90' lang='lat' dir='ltr'>dum</span> <span class='ocrx_word' id='word_1_4' title='bbox 334 188 398 222; x_wconf 85' lang='lat' dir='ltr'>set</span> <span class='ocrx_word' id='word_1_5' title='bbox 421 182 462 222; x_wconf 91' lang='lat' dir='ltr'>in</span> <span class='ocrx_word' id='word_1_6' title='bbox 485 189 695 235; x_wconf 89' lang='lat' dir='ltr'>quantum</span> <span class='ocrx_word' id='word_1_7' title='bbox 710 183 989 234; x_wconf 86' lang='lat' dir='ltr'>contrarium,</span> <span class='ocrx_word' id='word_1_8' title='bbox 1007 196 1107 224; x_wconf 88' lang='lat' dir='ltr'>nam</span> <span class='ocrx_word' id='word_1_9' title='bbox 1132 183 1299 225; x_wconf 92' lang='lat' dir='ltr'>nullum</span> <span class='ocrx_word' id='word_1_10' title='bbox 1317 198 1452 237; x_wconf 86' lang='lat' dir='ltr'>agens</span> <span class='ocrx_word' id='word_1_11' title='bbox 1474 184 1740 228; x_wconf 81' lang='lat' dir='ltr'>elementare</span> 
     </span>
    </p>
   </div>
   <div class='ocr_carea' id='block_1_4' title="bbox 203 255 1744 932">
    <p class='ocr_par' dir='ltr' id='par_1_4' title="bbox 203 255 1741 448">
     <span class='ocr_line' id='line_1_4' title="bbox 204 255 1738 312; baseline 0.003 -17"><span class='ocrx_word' id='word_1_12' title='bbox 204 255 296 306; x_wconf 80' lang='lat' dir='ltr'>agit</span> <span class='ocrx_word' id='word_1_13' title='bbox 318 255 398 296; x_wconf 92' lang='lat' dir='ltr'>nisi</span> <span class='ocrx_word' id='word_1_14' title='bbox 419 257 683 297; x_wconf 82' lang='lat' dir='ltr'>contrarium</span> <span class='ocrx_word' id='word_1_15' title='bbox 707 271 846 307; x_wconf 87' lang='lat' dir='ltr'>suum,</span> <span class='ocrx_word' id='word_1_16' title='bbox 869 264 913 298; x_wconf 89' lang='lat' dir='ltr'>et</span> <span class='ocrx_word' id='word_1_17' title='bbox 935 258 1033 298; x_wconf 92' lang='lat' dir='ltr'>ideo</span> <span class='ocrx_word' id='word_1_18' title='bbox 1055 257 1135 298; x_wconf 89' lang='lat' dir='ltr'>nisi</span> <span class='ocrx_word' id='word_1_19' title='bbox 1159 258 1201 298; x_wconf 89' lang='lat' dir='ltr'>in</span> <span class='ocrx_word' id='word_1_20' title='bbox 1216 264 1431 312; x_wconf 89' lang='lat' dir='ltr'>quantum</span> <span class='ocrx_word' id='word_1_21' title='bbox 1445 260 1710 301; x_wconf 87' lang='lat' dir='ltr'>contrarium</span> <span class='ocrx_word' id='word_1_22' title='bbox 1730 274 1738 308; x_wconf 87' lang='lat'><em>;</em></span> 
     </span>
     <span class='ocr_line' id='line_1_5' title="bbox 203 324 1741 380; baseline 0.003 -17"><span class='ocrx_word' id='word_1_23' title='bbox 203 325 316 365; x_wconf 88' lang='lat' dir='ltr'>unde</span> <span class='ocrx_word' id='word_1_24' title='bbox 333 324 415 365; x_wconf 93' lang='lat' dir='ltr'>hoc</span> <span class='ocrx_word' id='word_1_25' title='bbox 431 326 609 366; x_wconf 89' lang='lat' dir='ltr'>verbum</span> <span class='ocrx_word' id='word_1_26' title='bbox 629 339 717 366; x_wconf 90' lang='lat' dir='ltr'>non</span> <span class='ocrx_word' id='word_1_27' title='bbox 733 325 927 366; x_wconf 82' lang='lat' dir='ltr'>excludit</span> <span class='ocrx_word' id='word_1_28' title='bbox 941 326 1237 367; x_wconf 84' lang='lat' dir='ltr'>substanciam</span> <span class='ocrx_word' id='word_1_29' title='bbox 1253 328 1363 369; x_wconf 89' lang='lat' dir='ltr'>sicut</span> <span class='ocrx_word' id='word_1_30' title='bbox 1377 341 1456 369; x_wconf 89' lang='lat' dir='ltr'>nec</span> <span class='ocrx_word' id='word_1_31' title='bbox 1470 328 1741 380; x_wconf 74' lang='lat' dir='ltr'>qualitatem,</span> 
     </span>
     <span class='ocr_line' id='line_1_6' title="bbox 204 396 815 448; baseline 0.005 -15"><span class='ocrx_word' id='word_1_32' title='bbox 204 399 270 433; x_wconf 88' lang='lat' dir='ltr'>set</span> <span class='ocrx_word' id='word_1_33' title='bbox 294 400 359 434; x_wconf 88' lang='lat' dir='ltr'>est</span> <span class='ocrx_word' id='word_1_34' title='bbox 382 408 613 435; x_wconf 89' lang='lat' dir='ltr'>commune</span> <span class='ocrx_word' id='word_1_35' title='bbox 635 396 815 448; x_wconf 88' lang='lat' dir='ltr'>utrique.</span> 
     </span>
    </p>

    <p class='ocr_par' dir='ltr' id='par_1_5' title="bbox 205 461 1744 932">
     <span class='ocr_line' id='line_1_7' title="bbox 265 461 1742 517; baseline 0.003 -15"><span class='ocrx_word' id='word_1_36' title='bbox 265 461 311 503; x_wconf 85' lang='lat' dir='ltr'>Si</span> <span class='ocrx_word' id='word_1_37' title='bbox 343 462 558 504; x_wconf 88' lang='lat' dir='ltr'>obiciatur</span> <span class='ocrx_word' id='word_1_38' title='bbox 598 465 715 517; x_wconf 89' lang='lat' dir='ltr'>quod</span> <span class='ocrx_word' id='word_1_39' title='bbox 754 463 894 504; x_wconf 89' lang='lat' dir='ltr'>celum</span> <span class='ocrx_word' id='word_1_40' title='bbox 929 470 995 505; x_wconf 90' lang='lat' dir='ltr'>est</span> <span class='ocrx_word' id='word_1_41' title='bbox 1033 464 1151 506; x_wconf 88' lang='lat' dir='ltr'>locus</span> <span class='ocrx_word' id='word_1_42' title='bbox 1183 465 1497 507; x_wconf 86' lang='lat' dir='ltr'>elementorum</span> <span class='ocrx_word' id='word_1_43' title='bbox 1541 473 1584 506; x_wconf 89' lang='lat' dir='ltr'>et</span> <span class='ocrx_word' id='word_1_44' title='bbox 1621 466 1742 506; x_wconf 87' lang='lat' dir='ltr'>locus</span> 
     </span>
     <span class='ocr_line' id='line_1_8' title="bbox 205 530 1741 588; baseline 0.002 -18"><span class='ocrx_word' id='word_1_45' title='bbox 205 530 344 572; x_wconf 82' lang='lat' dir='ltr'>salvat</span> <span class='ocrx_word' id='word_1_46' title='bbox 359 531 562 573; x_wconf 86' lang='lat' dir='ltr'>locatum.</span> <span class='ocrx_word' id='word_1_47' title='bbox 585 539 627 572; x_wconf 89' lang='lat' dir='ltr'>et</span> <span class='ocrx_word' id='word_1_48' title='bbox 650 546 785 572; x_wconf 91' lang='lat' dir='ltr'>unum</span> <span class='ocrx_word' id='word_1_49' title='bbox 808 532 1073 574; x_wconf 89' lang='lat' dir='ltr'>elementum</span> <span class='ocrx_word' id='word_1_50' title='bbox 1091 540 1156 574; x_wconf 88' lang='lat' dir='ltr'>est</span> <span class='ocrx_word' id='word_1_51' title='bbox 1171 533 1289 575; x_wconf 89' lang='lat' dir='ltr'>locus</span> <span class='ocrx_word' id='word_1_52' title='bbox 1310 535 1500 585; x_wconf 90' lang='lat' dir='ltr'>alterius,</span> <span class='ocrx_word' id='word_1_53' title='bbox 1522 548 1640 588; x_wconf 89' lang='lat' dir='ltr'>ergo,</span> <span class='ocrx_word' id='word_1_54' title='bbox 1653 546 1741 574; x_wconf 86' lang='lat' dir='ltr'>non</span> 
     </span>
     <span class='ocr_line' id='line_1_9' title="bbox 206 600 1744 656; baseline 0.003 -18"><span class='ocrx_word' id='word_1_55' title='bbox 206 600 497 653; x_wconf 79' lang='lat' dir='ltr'>corrumpitur</span> <span class='ocrx_word' id='word_1_56' title='bbox 518 614 618 652; x_wconf 88' lang='lat' dir='ltr'>pars</span> <span class='ocrx_word' id='word_1_57' title='bbox 640 600 842 641; x_wconf 88' lang='lat' dir='ltr'>elementi</span> <span class='ocrx_word' id='word_1_58' title='bbox 866 614 942 653; x_wconf 91' lang='lat' dir='ltr'>per</span> <span class='ocrx_word' id='word_1_59' title='bbox 963 601 1079 642; x_wconf 88' lang='lat' dir='ltr'>aliud</span> <span class='ocrx_word' id='word_1_60' title='bbox 1104 602 1380 652; x_wconf 88' lang='lat' dir='ltr'>elementum,</span> <span class='ocrx_word' id='word_1_61' title='bbox 1394 616 1474 644; x_wconf 91' lang='lat' dir='ltr'>nec</span> <span class='ocrx_word' id='word_1_62' title='bbox 1490 617 1567 656; x_wconf 91' lang='lat' dir='ltr'>per</span> <span class='ocrx_word' id='word_1_63' title='bbox 1588 602 1744 653; x_wconf 87' lang='lat' dir='ltr'>celum,</span> 
     </span>
     <span class='ocr_line' id='line_1_10' title="bbox 207 669 1743 724; baseline 0.002 -16"><span class='ocrx_word' id='word_1_64' title='bbox 207 675 248 709; x_wconf 87' lang='lat' dir='ltr'>et</span> <span class='ocrx_word' id='word_1_65' title='bbox 282 669 381 709; x_wconf 90' lang='lat' dir='ltr'>ideo</span> <span class='ocrx_word' id='word_1_66' title='bbox 421 682 500 709; x_wconf 90' lang='lat' dir='ltr'>nec</span> <span class='ocrx_word' id='word_1_67' title='bbox 533 670 812 721; x_wconf 80' lang='lat' dir='ltr'>generabitur</span> <span class='ocrx_word' id='word_1_68' title='bbox 842 684 943 723; x_wconf 88' lang='lat' dir='ltr'>pars</span> <span class='ocrx_word' id='word_1_69' title='bbox 977 670 1190 720; x_wconf 87' lang='lat' dir='ltr'>elementi,</span> <span class='ocrx_word' id='word_1_70' title='bbox 1217 672 1319 724; x_wconf 90' lang='lat' dir='ltr'>quia</span> <span class='ocrx_word' id='word_1_71' title='bbox 1344 672 1434 713; x_wconf 91' lang='lat' dir='ltr'>sine</span> <span class='ocrx_word' id='word_1_72' title='bbox 1459 672 1743 724; x_wconf 89' lang='lat' dir='ltr'>corrupcione</span> 
     </span>
     <span class='ocr_line' id='line_1_11' title="bbox 205 736 1744 794; baseline 0.003 -17"><span class='ocrx_word' id='word_1_73' title='bbox 205 736 383 777; x_wconf 82' lang='lat' dir='ltr'>alterius</span> <span class='ocrx_word' id='word_1_74' title='bbox 416 751 504 778; x_wconf 91' lang='lat' dir='ltr'>non</span> <span class='ocrx_word' id='word_1_75' title='bbox 533 744 677 791; x_wconf 88' lang='lat' dir='ltr'>potest</span> <span class='ocrx_word' id='word_1_76' title='bbox 708 740 919 791; x_wconf 80' lang='lat' dir='ltr'>generari.</span> <span class='ocrx_word' id='word_1_77' title='bbox 984 740 1044 781; x_wconf 89' lang='lat' dir='ltr'>Et</span> <span class='ocrx_word' id='word_1_78' title='bbox 1070 741 1125 780; x_wconf 84' lang='lat' dir='ltr'>ad</span> <span class='ocrx_word' id='word_1_79' title='bbox 1158 740 1241 781; x_wconf 93' lang='lat' dir='ltr'>hoc</span> <span class='ocrx_word' id='word_1_80' title='bbox 1268 747 1334 781; x_wconf 85' lang='lat' dir='ltr'>est</span> <span class='ocrx_word' id='word_1_81' title='bbox 1366 741 1484 793; x_wconf 89' lang='lat' dir='ltr'>quod</span> <span class='ocrx_word' id='word_1_82' title='bbox 1519 740 1744 794; x_wconf 88' lang='lat' dir='ltr'>Averroys</span> 
     </span>
     <span class='ocr_line' id='line_1_12' title="bbox 208 806 1742 862; baseline 0.002 -15"><span class='ocrx_word' id='word_1_83' title='bbox 208 806 325 853; x_wconf 76' lang='lat' dir='ltr'>dicit,</span> <span class='ocrx_word' id='word_1_84' title='bbox 356 812 398 847; x_wconf 84' lang='lat'>2⁰</span> <span class='ocrx_word' id='word_1_85' title='bbox 425 806 492 847; x_wconf 84' lang='lat' dir='ltr'>De</span> <span class='ocrx_word' id='word_1_86' title='bbox 513 808 681 848; x_wconf 73' lang='lat' dir='ltr'>Anima</span> <span class='ocrx_word' id='word_1_87' title='bbox 710 815 753 849; x_wconf 90' lang='lat' dir='ltr'>et</span> <span class='ocrx_word' id='word_1_88' title='bbox 787 812 833 857; x_wconf 87' lang='lat'>4⁰</span> <span class='ocrx_word' id='word_1_89' title='bbox 860 807 953 850; x_wconf 80' lang='lat' dir='ltr'><em>Celz·</em></span> <span class='ocrx_word' id='word_1_90' title='bbox 980 816 1022 850; x_wconf 83' lang='lat' dir='ltr'>et</span> <span class='ocrx_word' id='word_1_91' title='bbox 1048 809 1224 859; x_wconf 77' lang='lat' dir='ltr'>Mundi,</span> <span class='ocrx_word' id='word_1_92' title='bbox 1255 811 1374 862; x_wconf 89' lang='lat' dir='ltr'>quod</span> <span class='ocrx_word' id='word_1_93' title='bbox 1406 809 1624 850; x_wconf 88' lang='lat' dir='ltr'>elementa</span> <span class='ocrx_word' id='word_1_94' title='bbox 1655 822 1742 850; x_wconf 86' lang='lat' dir='ltr'>non</span> 
     </span>
     <span class='ocr_line' id='line_1_13' title="bbox 207 876 1743 932; baseline 0.002 -17"><span class='ocrx_word' id='word_1_95' title='bbox 207 876 371 916; x_wconf 86' lang='lat' dir='ltr'>habent</span> <span class='ocrx_word' id='word_1_96' title='bbox 408 889 465 916; x_wconf 85' lang='lat' dir='ltr'>ex</span> <span class='ocrx_word' id='word_1_97' title='bbox 497 890 573 918; x_wconf 88' lang='lat' dir='ltr'>sua</span> <span class='ocrx_word' id='word_1_98' title='bbox 606 884 760 918; x_wconf 85' lang='lat' dir='ltr'>natura</span> <span class='ocrx_word' id='word_1_99' title='bbox 792 878 834 918; x_wconf 91' lang='lat' dir='ltr'>in</span> <span class='ocrx_word' id='word_1_100' title='bbox 867 878 1004 931; x_wconf 89' lang='lat' dir='ltr'>speris</span> <span class='ocrx_word' id='word_1_101' title='bbox 1025 879 1112 919; x_wconf 84' lang='lat' dir='ltr'>suis</span> <span class='ocrx_word' id='word_1_102' title='bbox 1144 879 1378 931; x_wconf 87' lang='lat' dir='ltr'>qualitates</span> <span class='ocrx_word' id='word_1_103' title='bbox 1401 886 1602 932; x_wconf 88' lang='lat' dir='ltr'>quatuor.</span> <span class='ocrx_word' id='word_1_104' title='bbox 1666 878 1743 919; x_wconf 92' lang='lat' dir='ltr'>Di-</span> 
     </span>
    </p>
   </div>
   <div class='ocr_carea' id='block_1_5' title="bbox 1761 479 1778 510">
    <p class='ocr_par' dir='ltr' id='par_1_6' title="bbox 1761 479 1778 510">
     <span class='ocr_line' id='line_1_14' title="bbox 1761 479 1778 510; baseline 0 0"><span class='ocrx_word' id='word_1_105' title='bbox 1761 479 1778 510; x_wconf 84' lang='lat'>5</span> 
     </span>
    </p>
   </div>
   <div class='ocr_carea' id='block_1_6' title="bbox 1768 822 1805 843">
    <p class='ocr_par' dir='ltr' id='par_1_7' title="bbox 1768 822 1805 843">
     <span class='ocr_line' id='line_1_15' title="bbox 1768 822 1805 843; baseline 0.027 -1"><span class='ocrx_word' id='word_1_106' title='bbox 1768 822 1805 843; x_wconf 80' lang='lat'>10</span> 
     </span>
    </p>
   </div>
   <div class='ocr_carea' id='block_1_7' title="bbox 208 945 1776 1001">
    <p class='ocr_par' dir='ltr' id='par_1_8' title="bbox 208 945 1776 1001">
     <span class='ocr_line' id='line_1_16' title="bbox 208 945 1776 1001; baseline 0.003 -18"><span class='ocrx_word' id='word_1_107' title='bbox 208 945 395 985; x_wconf 87' lang='lat' dir='ltr'>cendum</span> <span class='ocrx_word' id='word_1_108' title='bbox 417 953 482 987; x_wconf 87' lang='lat' dir='ltr'>est</span> <span class='ocrx_word' id='word_1_109' title='bbox 504 947 623 999; x_wconf 89' lang='lat' dir='ltr'>quod</span> <span class='ocrx_word' id='word_1_110' title='bbox 653 947 871 988; x_wconf 85' lang='lat' dir='ltr'>elementa</span> <span class='ocrx_word' id='word_1_111' title='bbox 897 954 943 987; x_wconf 89' lang='lat' dir='ltr'>ut</span> <span class='ocrx_word' id='word_1_112' title='bbox 968 947 1139 988; x_wconf 87' lang='lat' dir='ltr'>fuerunt</span> <span class='ocrx_word' id='word_1_113' title='bbox 1166 953 1311 989; x_wconf 87' lang='lat' dir='ltr'>creata</span> <span class='ocrx_word' id='word_1_114' title='bbox 1336 947 1551 1001; x_wconf 87' lang='lat' dir='ltr'>simplicia</span> <span class='ocrx_word' id='word_1_115' title='bbox 1572 954 1616 988; x_wconf 89' lang='lat' dir='ltr'>et</span> <span class='ocrx_word' id='word_1_116' title='bbox 1638 961 1744 1000; x_wconf 90' lang='lat' dir='ltr'>pura</span> <span class='ocrx_word' id='word_1_117' title='bbox 1774 947 1776 949; x_wconf 69' lang='grc'>’</span> 
     </span>
    </p>
   </div>
   <div class='ocr_carea' id='block_1_8' title="bbox 209 1014 1746 1482">
    <p class='ocr_par' dir='ltr' id='par_1_9' title="bbox 209 1014 1746 1482">
     <span class='ocr_line' id='line_1_17' title="bbox 211 1014 1744 1070; baseline 0.003 -18"><span class='ocrx_word' id='word_1_118' title='bbox 211 1014 249 1052; x_wconf 90' lang='lat' dir='ltr'>in</span> <span class='ocrx_word' id='word_1_119' title='bbox 275 1014 411 1067; x_wconf 91' lang='lat' dir='ltr'>speris</span> <span class='ocrx_word' id='word_1_120' title='bbox 438 1015 527 1055; x_wconf 89' lang='lat' dir='ltr'>suis</span> <span class='ocrx_word' id='word_1_121' title='bbox 549 1029 635 1056; x_wconf 92' lang='lat' dir='ltr'>non</span> <span class='ocrx_word' id='word_1_122' title='bbox 654 1016 993 1068; x_wconf 81' lang='lat' dir='ltr'>corrumpebant</span> <span class='ocrx_word' id='word_1_123' title='bbox 1020 1030 1079 1065; x_wconf 83' lang='lat' dir='ltr'>se,</span> <span class='ocrx_word' id='word_1_124' title='bbox 1102 1022 1145 1057; x_wconf 90' lang='lat' dir='ltr'>et</span> <span class='ocrx_word' id='word_1_125' title='bbox 1168 1017 1272 1057; x_wconf 90' lang='lat' dir='ltr'>dum</span> <span class='ocrx_word' id='word_1_126' title='bbox 1294 1017 1354 1058; x_wconf 91' lang='lat' dir='ltr'>sic</span> <span class='ocrx_word' id='word_1_127' title='bbox 1384 1015 1388 1070; x_wconf 77' lang='grc' dir='ltr'>Ι</span> <span class='ocrx_word' id='word_1_128' title='bbox 1416 1016 1635 1058; x_wconf 87' lang='lat' dir='ltr'>durabant</span> <span class='ocrx_word' id='word_1_129' title='bbox 1656 1029 1744 1056; x_wconf 88' lang='lat' dir='ltr'>non</span> 
     </span>
     <span class='ocr_line' id='line_1_18' title="bbox 209 1083 1746 1138; baseline 0.003 -17"><span class='ocrx_word' id='word_1_130' title='bbox 209 1084 545 1136; x_wconf 80' lang='lat' dir='ltr'>corrumpebant</span> <span class='ocrx_word' id='word_1_131' title='bbox 567 1098 612 1124; x_wconf 92' lang='lat' dir='ltr'>se</span> <span class='ocrx_word' id='word_1_132' title='bbox 634 1092 700 1125; x_wconf 86' lang='lat' dir='ltr'>set</span> <span class='ocrx_word' id='word_1_133' title='bbox 722 1083 953 1125; x_wconf 78' lang='lat' dir='ltr'>salvabant</span> <span class='ocrx_word' id='word_1_134' title='bbox 971 1086 1013 1125; x_wconf 92' lang='lat' dir='ltr'>in</span> <span class='ocrx_word' id='word_1_135' title='bbox 1030 1091 1127 1126; x_wconf 87' lang='lat' dir='ltr'>toto</span> <span class='ocrx_word' id='word_1_136' title='bbox 1145 1086 1246 1126; x_wconf 85' lang='lat' dir='ltr'>etin</span> <span class='ocrx_word' id='word_1_137' title='bbox 1270 1093 1405 1138; x_wconf 86' lang='lat' dir='ltr'>parte.</span> <span class='ocrx_word' id='word_1_138' title='bbox 1470 1085 1530 1125; x_wconf 88' lang='lat' dir='ltr'>Et</span> <span class='ocrx_word' id='word_1_139' title='bbox 1552 1086 1586 1126; x_wconf 92' lang='lat' dir='ltr'>si</span> <span class='ocrx_word' id='word_1_140' title='bbox 1604 1085 1746 1126; x_wconf 87' lang='lat' dir='ltr'>adhuc</span> 
     </span>
     <span class='ocr_line' id='line_1_19' title="bbox 210 1152 1744 1208; baseline 0.001 -16"><span class='ocrx_word' id='word_1_141' title='bbox 210 1159 354 1193; x_wconf 81' lang='lat' dir='ltr'>essent</span> <span class='ocrx_word' id='word_1_142' title='bbox 378 1152 419 1193; x_wconf 88' lang='lat' dir='ltr'>in</span> <span class='ocrx_word' id='word_1_143' title='bbox 442 1167 518 1193; x_wconf 88' lang='lat' dir='ltr'>sua</span> <span class='ocrx_word' id='word_1_144' title='bbox 535 1154 726 1206; x_wconf 87' lang='lat' dir='ltr'>puritate</span> <span class='ocrx_word' id='word_1_145' title='bbox 748 1167 834 1194; x_wconf 89' lang='lat' dir='ltr'>non</span> <span class='ocrx_word' id='word_1_146' title='bbox 859 1161 1189 1208; x_wconf 88' lang='lat' dir='ltr'>corrumperent</span> <span class='ocrx_word' id='word_1_147' title='bbox 1212 1167 1285 1203; x_wconf 88' lang='lat' dir='ltr'>se;</span> <span class='ocrx_word' id='word_1_148' title='bbox 1314 1162 1381 1195; x_wconf 89' lang='lat' dir='ltr'>set</span> <span class='ocrx_word' id='word_1_149' title='bbox 1399 1155 1491 1208; x_wconf 89' lang='lat' dir='ltr'>jam</span> <span class='ocrx_word' id='word_1_150' title='bbox 1515 1155 1744 1196; x_wconf 86' lang='lat' dir='ltr'>exiverunt</span> 
     </span>
     <span class='ocr_line' id='line_1_20' title="bbox 210 1221 1743 1275; baseline 0 -13"><span class='ocrx_word' id='word_1_151' title='bbox 210 1222 267 1263; x_wconf 88' lang='lat' dir='ltr'>ab</span> <span class='ocrx_word' id='word_1_152' title='bbox 305 1222 388 1262; x_wconf 86' lang='lat' dir='ltr'>ista</span> <span class='ocrx_word' id='word_1_153' title='bbox 420 1221 611 1275; x_wconf 89' lang='lat' dir='ltr'>puritate</span> <span class='ocrx_word' id='word_1_154' title='bbox 641 1236 719 1275; x_wconf 90' lang='lat' dir='ltr'>per</span> <span class='ocrx_word' id='word_1_155' title='bbox 752 1223 907 1264; x_wconf 90' lang='lat' dir='ltr'>celum.</span> <span class='ocrx_word' id='word_1_156' title='bbox 970 1221 1046 1263; x_wconf 85' lang='lat' dir='ltr'>Set</span> <span class='ocrx_word' id='word_1_157' title='bbox 1084 1223 1165 1263; x_wconf 90' lang='lat' dir='ltr'>hoc</span> <span class='ocrx_word' id='word_1_158' title='bbox 1202 1230 1268 1264; x_wconf 89' lang='lat' dir='ltr'>est</span> <span class='ocrx_word' id='word_1_159' title='bbox 1309 1223 1641 1275; x_wconf 82' lang='lat' dir='ltr'>intelligendum</span> <span class='ocrx_word' id='word_1_160' title='bbox 1674 1222 1743 1263; x_wconf 90' lang='lat' dir='ltr'>sic.</span> 
     </span>
     <span class='ocr_line' id='line_1_21' title="bbox 213 1289 1746 1342; baseline 0.001 -13"><span class='ocrx_word' id='word_1_161' title='bbox 213 1289 366 1330; x_wconf 90' lang='lat' dir='ltr'>Celum</span> <span class='ocrx_word' id='word_1_162' title='bbox 404 1291 521 1331; x_wconf 88' lang='lat' dir='ltr'>enim</span> <span class='ocrx_word' id='word_1_163' title='bbox 559 1291 731 1332; x_wconf 85' lang='lat' dir='ltr'>racione</span> <span class='ocrx_word' id='word_1_164' title='bbox 767 1292 886 1332; x_wconf 89' lang='lat' dir='ltr'>orbis</span> <span class='ocrx_word' id='word_1_165' title='bbox 922 1292 987 1332; x_wconf 91' lang='lat' dir='ltr'>sui</span> <span class='ocrx_word' id='word_1_166' title='bbox 1021 1298 1085 1333; x_wconf 90' lang='lat' dir='ltr'>est</span> <span class='ocrx_word' id='word_1_167' title='bbox 1127 1292 1248 1333; x_wconf 90' lang='lat' dir='ltr'>locus</span> <span class='ocrx_word' id='word_1_168' title='bbox 1293 1291 1622 1342; x_wconf 89' lang='lat' dir='ltr'>elementorum,</span> <span class='ocrx_word' id='word_1_169' title='bbox 1660 1304 1746 1331; x_wconf 91' lang='lat' dir='ltr'>non</span> 
     </span>
     <span class='ocr_line' id='line_1_22' title="bbox 213 1359 1746 1414; baseline 0.001 -16"><span class='ocrx_word' id='word_1_170' title='bbox 213 1359 386 1399; x_wconf 89' lang='lat' dir='ltr'>racione</span> <span class='ocrx_word' id='word_1_171' title='bbox 409 1360 646 1410; x_wconf 84' lang='lat' dir='ltr'>stellarum,</span> <span class='ocrx_word' id='word_1_172' title='bbox 671 1374 771 1401; x_wconf 89' lang='lat' dir='ltr'>nam</span> <span class='ocrx_word' id='word_1_173' title='bbox 801 1361 925 1402; x_wconf 88' lang='lat' dir='ltr'>stelle</span> <span class='ocrx_word' id='word_1_174' title='bbox 953 1368 1054 1402; x_wconf 90' lang='lat' dir='ltr'>sunt</span> <span class='ocrx_word' id='word_1_175' title='bbox 1077 1374 1259 1413; x_wconf 86' lang='lat' dir='ltr'>corpora</span> <span class='ocrx_word' id='word_1_176' title='bbox 1282 1362 1449 1414; x_wconf 88' lang='lat' dir='ltr'>sperica</span> <span class='ocrx_word' id='word_1_177' title='bbox 1473 1361 1678 1413; x_wconf 87' lang='lat' dir='ltr'>undique,</span> <span class='ocrx_word' id='word_1_178' title='bbox 1700 1367 1746 1400; x_wconf 87' lang='lat' dir='ltr'>ut</span> 
     </span>
     <span class='ocr_line' id='line_1_23' title="bbox 212 1428 1745 1482; baseline 0.002 -15"><span class='ocrx_word' id='word_1_179' title='bbox 212 1428 478 1469; x_wconf 88' lang='lat' dir='ltr'>Aristoteles</span> <span class='ocrx_word' id='word_1_180' title='bbox 510 1430 782 1470; x_wconf 85' lang='lat' dir='ltr'>demonstrat</span> <span class='ocrx_word' id='word_1_181' title='bbox 815 1431 1008 1471; x_wconf 89' lang='lat' dir='ltr'>secundo</span> <span class='ocrx_word' id='word_1_182' title='bbox 1045 1429 1135 1471; x_wconf 80' lang='lat' dir='ltr'>Cclz&#39;</span> <span class='ocrx_word' id='word_1_183' title='bbox 1162 1436 1205 1470; x_wconf 78' lang='lat' dir='ltr'>et</span> <span class='ocrx_word' id='word_1_184' title='bbox 1234 1430 1410 1482; x_wconf 73' lang='lat' dir='ltr'>Mundi,</span> <span class='ocrx_word' id='word_1_185' title='bbox 1443 1436 1486 1470; x_wconf 89' lang='lat' dir='ltr'>et</span> <span class='ocrx_word' id='word_1_186' title='bbox 1524 1430 1623 1470; x_wconf 89' lang='lat' dir='ltr'>ideo</span> <span class='ocrx_word' id='word_1_187' title='bbox 1659 1443 1745 1470; x_wconf 91' lang='lat' dir='ltr'>non</span> 
     </span>
    </p>
   </div>
   <div class='ocr_carea' id='block_1_9' title="bbox 212 1496 1783 1552">
    <p class='ocr_par' dir='ltr' id='par_1_10' title="bbox 212 1496 1783 1552">
     <span class='ocr_line' id='line_1_24' title="bbox 212 1496 1783 1552; baseline 0 -16"><span class='ocrx_word' id='word_1_188' title='bbox 212 1496 359 1537; x_wconf 90' lang='lat' dir='ltr'>locant</span> <span class='ocrx_word' id='word_1_189' title='bbox 390 1503 456 1537; x_wconf 84' lang='lat' dir='ltr'>set</span> <span class='ocrx_word' id='word_1_190' title='bbox 488 1496 713 1548; x_wconf 82' lang='lat' dir='ltr'>locantur3</span> <span class='ocrx_word' id='word_1_191' title='bbox 747 1505 790 1538; x_wconf 86' lang='lat' dir='ltr'>et</span> <span class='ocrx_word' id='word_1_192' title='bbox 823 1512 908 1539; x_wconf 92' lang='lat' dir='ltr'>non</span> <span class='ocrx_word' id='word_1_193' title='bbox 941 1505 1040 1539; x_wconf 91' lang='lat' dir='ltr'>sunt</span> <span class='ocrx_word' id='word_1_194' title='bbox 1073 1505 1217 1552; x_wconf 81' lang='lat' dir='ltr'>partes</span> <span class='ocrx_word' id='word_1_195' title='bbox 1250 1499 1378 1547; x_wconf 87' lang='lat' dir='ltr'>orbis,</span> <span class='ocrx_word' id='word_1_196' title='bbox 1401 1512 1480 1539; x_wconf 91' lang='lat' dir='ltr'>nec</span> <span class='ocrx_word' id='word_1_197' title='bbox 1510 1499 1565 1539; x_wconf 91' lang='lat' dir='ltr'>de</span> <span class='ocrx_word' id='word_1_198' title='bbox 1595 1505 1748 1539; x_wconf 84' lang='lat' dir='ltr'>natura</span> <span class='ocrx_word' id='word_1_199' title='bbox 1771 1516 1783 1536; x_wconf 60' lang='grc' dir='ltr'><em>ι</em></span> 
     </span>
    </p>
   </div>
   <div class='ocr_carea' id='block_1_10' title="bbox 215 1565 1753 2514">
    <p class='ocr_par' dir='ltr' id='par_1_11' title="bbox 215 1565 1753 2514">
     <span class='ocr_line' id='line_1_25' title="bbox 215 1565 1747 1620; baseline 0.001 -14"><span class='ocrx_word' id='word_1_200' title='bbox 215 1566 320 1618; x_wconf 86' lang='lat' dir='ltr'>ejus,</span> <span class='ocrx_word' id='word_1_201' title='bbox 342 1566 477 1606; x_wconf 92' lang='lat' dir='ltr'>immo</span> <span class='ocrx_word' id='word_1_202' title='bbox 499 1565 646 1608; x_wconf 87' lang='lat' dir='ltr'>differt</span> <span class='ocrx_word' id='word_1_203' title='bbox 667 1567 793 1608; x_wconf 87' lang='lat' dir='ltr'>stella</span> <span class='ocrx_word' id='word_1_204' title='bbox 815 1582 839 1607; x_wconf 88' lang='lat' dir='ltr'>a</span> <span class='ocrx_word' id='word_1_205' title='bbox 862 1567 986 1608; x_wconf 82' lang='lat' dir='ltr'>stella</span> <span class='ocrx_word' id='word_1_206' title='bbox 1014 1569 1253 1609; x_wconf 90' lang='lat' dir='ltr'>secundum</span> <span class='ocrx_word' id='word_1_207' title='bbox 1281 1568 1483 1620; x_wconf 88' lang='lat' dir='ltr'>speciem,</span> <span class='ocrx_word' id='word_1_208' title='bbox 1505 1574 1549 1609; x_wconf 91' lang='lat' dir='ltr'>et</span> <span class='ocrx_word' id='word_1_209' title='bbox 1571 1568 1670 1608; x_wconf 90' lang='lat' dir='ltr'>ideo</span> <span class='ocrx_word' id='word_1_210' title='bbox 1692 1567 1747 1607; x_wconf 87' lang='lat' dir='ltr'>ab</span> 
     </span>
     <span class='ocr_line' id='line_1_26' title="bbox 218 1635 1747 1687; baseline 0.002 -13"><span class='ocrx_word' id='word_1_211' title='bbox 218 1635 324 1675; x_wconf 91' lang='lat' dir='ltr'>orbe</span> <span class='ocrx_word' id='word_1_212' title='bbox 345 1635 418 1687; x_wconf 89' lang='lat' dir='ltr'>qui</span> <span class='ocrx_word' id='word_1_213' title='bbox 444 1635 585 1675; x_wconf 87' lang='lat' dir='ltr'>minus</span> <span class='ocrx_word' id='word_1_214' title='bbox 608 1637 810 1676; x_wconf 90' lang='lat' dir='ltr'>convenit</span> <span class='ocrx_word' id='word_1_215' title='bbox 832 1650 929 1677; x_wconf 90' lang='lat' dir='ltr'>cum</span> <span class='ocrx_word' id='word_1_216' title='bbox 946 1636 1083 1678; x_wconf 87' lang='lat' dir='ltr'>stella.</span> <span class='ocrx_word' id='word_1_217' title='bbox 1148 1637 1242 1676; x_wconf 87' lang='lat' dir='ltr'>Hec</span> <span class='ocrx_word' id='word_1_218' title='bbox 1258 1636 1299 1676; x_wconf 91' lang='lat' dir='ltr'>in</span> <span class='ocrx_word' id='word_1_219' title='bbox 1318 1636 1550 1677; x_wconf 89' lang='lat' dir='ltr'>celestibus</span> <span class='ocrx_word' id='word_1_220' title='bbox 1565 1637 1747 1677; x_wconf 89' lang='lat' dir='ltr'>demon—</span> 
     </span>
     <span class='ocr_line' id='line_1_27' title="bbox 215 1704 1748 1755; baseline 0.001 -13"><span class='ocrx_word' id='word_1_221' title='bbox 215 1704 340 1743; x_wconf 81' lang='lat' dir='ltr'>strari</span> <span class='ocrx_word' id='word_1_222' title='bbox 375 1704 548 1744; x_wconf 86' lang='lat' dir='ltr'>habent.</span> <span class='ocrx_word' id='word_1_223' title='bbox 614 1705 672 1745; x_wconf 88' lang='lat' dir='ltr'>Et</span> <span class='ocrx_word' id='word_1_224' title='bbox 710 1706 809 1745; x_wconf 93' lang='lat' dir='ltr'>ideo</span> <span class='ocrx_word' id='word_1_225' title='bbox 847 1705 988 1746; x_wconf 89' lang='lat' dir='ltr'>celum</span> <span class='ocrx_word' id='word_1_226' title='bbox 1020 1705 1135 1755; x_wconf 91' lang='lat' dir='ltr'>lune,</span> <span class='ocrx_word' id='word_1_227' title='bbox 1172 1706 1287 1746; x_wconf 89' lang='lat' dir='ltr'>unde</span> <span class='ocrx_word' id='word_1_228' title='bbox 1328 1705 1448 1745; x_wconf 90' lang='lat' dir='ltr'>locus</span> <span class='ocrx_word' id='word_1_229' title='bbox 1494 1711 1571 1753; x_wconf 90' lang='lat' dir='ltr'>est,</span> <span class='ocrx_word' id='word_1_230' title='bbox 1608 1704 1748 1746; x_wconf 88' lang='lat' dir='ltr'>salvat</span> 
     </span>
     <span class='ocr_line' id='line_1_28' title="bbox 215 1773 1749 1826; baseline 0.001 -15"><span class='ocrx_word' id='word_1_231' title='bbox 215 1785 386 1824; x_wconf 83' lang='lat' dir='ltr'>speram</span> <span class='ocrx_word' id='word_1_232' title='bbox 411 1773 522 1824; x_wconf 79' lang='lat' dir='ltr'>ignis</span> <span class='ocrx_word' id='word_1_233' title='bbox 543 1787 550 1821; x_wconf 84' lang='lat'>;</span> <span class='ocrx_word' id='word_1_234' title='bbox 583 1780 648 1813; x_wconf 86' lang='lat' dir='ltr'>set</span> <span class='ocrx_word' id='word_1_235' title='bbox 670 1773 773 1814; x_wconf 89' lang='lat' dir='ltr'>luna</span> <span class='ocrx_word' id='word_1_236' title='bbox 796 1781 840 1815; x_wconf 87' lang='lat' dir='ltr'>et</span> <span class='ocrx_word' id='word_1_237' title='bbox 861 1773 986 1814; x_wconf 83' lang='lat' dir='ltr'>stelle</span> <span class='ocrx_word' id='word_1_238' title='bbox 1004 1780 1145 1815; x_wconf 88' lang='lat' dir='ltr'>cetere</span> <span class='ocrx_word' id='word_1_239' title='bbox 1167 1775 1356 1814; x_wconf 84' lang='lat' dir='ltr'>alterant</span> <span class='ocrx_word' id='word_1_240' title='bbox 1386 1774 1531 1826; x_wconf 83' lang='lat' dir='ltr'>ignem</span> <span class='ocrx_word' id='word_1_241' title='bbox 1561 1774 1602 1813; x_wconf 91' lang='lat' dir='ltr'>in</span> <span class='ocrx_word' id='word_1_242' title='bbox 1625 1781 1749 1826; x_wconf 87' lang='lat' dir='ltr'>parte</span> 
     </span>
     <span class='ocr_line' id='line_1_29' title="bbox 218 1841 1749 1895; baseline 0.002 -16"><span class='ocrx_word' id='word_1_243' title='bbox 218 1841 407 1880; x_wconf 88' lang='lat' dir='ltr'>inferiori</span> <span class='ocrx_word' id='word_1_244' title='bbox 437 1841 509 1880; x_wconf 91' lang='lat' dir='ltr'>ubi</span> <span class='ocrx_word' id='word_1_245' title='bbox 538 1842 679 1882; x_wconf 87' lang='lat' dir='ltr'>celum</span> <span class='ocrx_word' id='word_1_246' title='bbox 712 1856 797 1882; x_wconf 91' lang='lat' dir='ltr'>non</span> <span class='ocrx_word' id='word_1_247' title='bbox 831 1843 988 1895; x_wconf 79' lang='lat' dir='ltr'>tangit,</span> <span class='ocrx_word' id='word_1_248' title='bbox 1011 1850 1054 1883; x_wconf 89' lang='lat' dir='ltr'>et</span> <span class='ocrx_word' id='word_1_249' title='bbox 1084 1843 1167 1883; x_wconf 85' lang='lat' dir='ltr'>alia</span> <span class='ocrx_word' id='word_1_250' title='bbox 1192 1842 1407 1884; x_wconf 85' lang='lat' dir='ltr'>elementa</span> <span class='ocrx_word' id='word_1_251' title='bbox 1429 1855 1506 1895; x_wconf 89' lang='lat' dir='ltr'>per</span> <span class='ocrx_word' id='word_1_252' title='bbox 1526 1849 1682 1892; x_wconf 87' lang='lat' dir='ltr'>totum,</span> <span class='ocrx_word' id='word_1_253' title='bbox 1706 1848 1749 1883; x_wconf 91' lang='lat' dir='ltr'>et</span> 
     </span>
     <span class='ocr_line' id='line_1_30' title="bbox 215 1910 1750 1953; baseline 0.001 -4"><span class='ocrx_word' id='word_1_254' title='bbox 215 1916 473 1950; x_wconf 89' lang='lat' dir='ltr'>convertunt</span> <span class='ocrx_word' id='word_1_255' title='bbox 494 1924 545 1950; x_wconf 89' lang='lat' dir='ltr'>ea</span> <span class='ocrx_word' id='word_1_256' title='bbox 567 1911 808 1953; x_wconf 87' lang='lat' dir='ltr'>adinvicem</span> <span class='ocrx_word' id='word_1_257' title='bbox 830 1918 874 1952; x_wconf 91' lang='lat' dir='ltr'>et</span> <span class='ocrx_word' id='word_1_258' title='bbox 898 1912 1079 1953; x_wconf 87' lang='lat' dir='ltr'>miscent</span> <span class='ocrx_word' id='word_1_259' title='bbox 1102 1925 1163 1952; x_wconf 89' lang='lat' dir='ltr'>ea.</span> <span class='ocrx_word' id='word_1_260' title='bbox 1225 1911 1342 1952; x_wconf 89' lang='lat' dir='ltr'>Nam</span> <span class='ocrx_word' id='word_1_261' title='bbox 1372 1911 1635 1951; x_wconf 89' lang='lat' dir='ltr'>Aristoteles</span> <span class='ocrx_word' id='word_1_262' title='bbox 1655 1910 1750 1951; x_wconf 89' lang='lat' dir='ltr'>vult</span> 
     </span>
     <span class='ocr_line' id='line_1_31' title="bbox 220 1979 1747 2034; baseline 0.001 -17"><span class='ocrx_word' id='word_1_263' title='bbox 220 1980 408 2019; x_wconf 87' lang='lat' dir='ltr'>secundo</span> <span class='ocrx_word' id='word_1_264' title='bbox 422 1979 483 2019; x_wconf 85' lang='lat' dir='ltr'><em>M</em></span> <span class='ocrx_word' id='word_1_265' title='bbox 481 1979 748 2021; x_wconf 66' lang='lat' dir='ltr'>etheorerum</span> <span class='ocrx_word' id='word_1_266' title='bbox 765 1982 883 2034; x_wconf 88' lang='lat' dir='ltr'>quod</span> <span class='ocrx_word' id='word_1_267' title='bbox 908 1982 950 2021; x_wconf 91' lang='lat' dir='ltr'>in</span> <span class='ocrx_word' id='word_1_268' title='bbox 974 1981 1133 2033; x_wconf 87' lang='lat' dir='ltr'>hyeme</span> <span class='ocrx_word' id='word_1_269' title='bbox 1151 1986 1431 2021; x_wconf 87' lang='lat' dir='ltr'>convertatur</span> <span class='ocrx_word' id='word_1_270' title='bbox 1444 1980 1570 2020; x_wconf 90' lang='lat' dir='ltr'>aerin</span> <span class='ocrx_word' id='word_1_271' title='bbox 1587 1992 1747 2033; x_wconf 89' lang='lat' dir='ltr'>aquam</span> 
     </span>
     <span class='ocr_line' id='line_1_32' title="bbox 217 2049 1751 2102; baseline 0 -15"><span class='ocrx_word' id='word_1_272' title='bbox 217 2062 241 2087; x_wconf 91' lang='lat' dir='ltr'>a</span> <span class='ocrx_word' id='word_1_273' title='bbox 262 2054 386 2100; x_wconf 88' lang='lat' dir='ltr'>parte</span> <span class='ocrx_word' id='word_1_274' title='bbox 402 2049 628 2101; x_wconf 69' lang='lat' dir='ltr'>aquilonis,</span> <span class='ocrx_word' id='word_1_275' title='bbox 644 2056 688 2090; x_wconf 86' lang='lat' dir='ltr'>et</span> <span class='ocrx_word' id='word_1_276' title='bbox 707 2050 747 2089; x_wconf 92' lang='lat' dir='ltr'>in</span> <span class='ocrx_word' id='word_1_277' title='bbox 765 2056 905 2091; x_wconf 88' lang='lat' dir='ltr'>estate</span> <span class='ocrx_word' id='word_1_278' title='bbox 921 2063 1036 2102; x_wconf 88' lang='lat' dir='ltr'>aqua</span> <span class='ocrx_word' id='word_1_279' title='bbox 1058 2050 1100 2089; x_wconf 91' lang='lat' dir='ltr'>in</span> <span class='ocrx_word' id='word_1_280' title='bbox 1116 2063 1260 2089; x_wconf 88' lang='lat' dir='ltr'>aerem</span> <span class='ocrx_word' id='word_1_281' title='bbox 1283 2063 1339 2090; x_wconf 85' lang='lat' dir='ltr'>ex</span> <span class='ocrx_word' id='word_1_282' title='bbox 1360 2049 1512 2089; x_wconf 87' lang='lat' dir='ltr'>eadem</span> <span class='ocrx_word' id='word_1_283' title='bbox 1536 2055 1660 2102; x_wconf 86' lang='lat' dir='ltr'>parte</span> <span class='ocrx_word' id='word_1_284' title='bbox 1674 2061 1751 2101; x_wconf 90' lang='lat' dir='ltr'>per</span> 
     </span>
     <span class='ocr_line' id='line_1_33' title="bbox 216 2117 1750 2171; baseline 0.001 -16"><span class='ocrx_word' id='word_1_285' title='bbox 216 2117 421 2156; x_wconf 90' lang='lat' dir='ltr'>virtutem</span> <span class='ocrx_word' id='word_1_286' title='bbox 454 2117 568 2166; x_wconf 89' lang='lat' dir='ltr'>solis,</span> <span class='ocrx_word' id='word_1_287' title='bbox 589 2119 828 2159; x_wconf 91' lang='lat' dir='ltr'>secundum</span> <span class='ocrx_word' id='word_1_288' title='bbox 861 2119 980 2171; x_wconf 89' lang='lat' dir='ltr'>quod</span> <span class='ocrx_word' id='word_1_289' title='bbox 1012 2118 1178 2159; x_wconf 83' lang='lat' dir='ltr'>accedit</span> <span class='ocrx_word' id='word_1_290' title='bbox 1210 2125 1253 2158; x_wconf 89' lang='lat' dir='ltr'>et</span> <span class='ocrx_word' id='word_1_291' title='bbox 1281 2118 1443 2157; x_wconf 89' lang='lat' dir='ltr'>recedit</span> <span class='ocrx_word' id='word_1_292' title='bbox 1468 2117 1525 2158; x_wconf 91' lang='lat' dir='ltr'>ab</span> <span class='ocrx_word' id='word_1_293' title='bbox 1547 2117 1750 2169; x_wconf 88' lang='lat' dir='ltr'>aquilone</span> 
     </span>
     <span class='ocr_line' id='line_1_34' title="bbox 218 2186 1751 2239; baseline 0.001 -15"><span class='ocrx_word' id='word_1_294' title='bbox 218 2192 260 2224; x_wconf 85' lang='lat' dir='ltr'>et</span> <span class='ocrx_word' id='word_1_295' title='bbox 284 2186 472 2226; x_wconf 89' lang='lat' dir='ltr'>meridie.</span> <span class='ocrx_word' id='word_1_296' title='bbox 537 2186 595 2226; x_wconf 80' lang='lat' dir='ltr'>Et</span> <span class='ocrx_word' id='word_1_297' title='bbox 617 2187 677 2227; x_wconf 94' lang='lat' dir='ltr'>sic</span> <span class='ocrx_word' id='word_1_298' title='bbox 700 2201 777 2239; x_wconf 89' lang='lat' dir='ltr'>per</span> <span class='ocrx_word' id='word_1_299' title='bbox 797 2187 946 2228; x_wconf 89' lang='lat' dir='ltr'>stellas</span> <span class='ocrx_word' id='word_1_300' title='bbox 968 2187 1075 2227; x_wconf 82' lang='lat' dir='ltr'>alias</span> <span class='ocrx_word' id='word_1_301' title='bbox 1097 2187 1242 2239; x_wconf 90' lang='lat' dir='ltr'>sepius</span> <span class='ocrx_word' id='word_1_302' title='bbox 1271 2191 1584 2226; x_wconf 88' lang='lat' dir='ltr'>convertuntur</span> <span class='ocrx_word' id='word_1_303' title='bbox 1605 2192 1751 2239; x_wconf 88' lang='lat' dir='ltr'>partes</span> 
     </span>
     <span class='ocr_line' id='line_1_35' title="bbox 219 2253 1750 2307; baseline 0 -14"><span class='ocrx_word' id='word_1_304' title='bbox 219 2253 537 2295; x_wconf 88' lang='lat' dir='ltr'>elementorum</span> <span class='ocrx_word' id='word_1_305' title='bbox 576 2255 819 2296; x_wconf 88' lang='lat' dir='ltr'>adinvicem</span> <span class='ocrx_word' id='word_1_306' title='bbox 855 2256 895 2295; x_wconf 95' lang='lat' dir='ltr'>in</span> <span class='ocrx_word' id='word_1_307' title='bbox 934 2254 1141 2304; x_wconf 86' lang='lat' dir='ltr'>confiniis,</span> <span class='ocrx_word' id='word_1_308' title='bbox 1181 2255 1241 2295; x_wconf 89' lang='lat' dir='ltr'>ita</span> <span class='ocrx_word' id='word_1_309' title='bbox 1274 2255 1393 2306; x_wconf 88' lang='lat' dir='ltr'>quod</span> <span class='ocrx_word' id='word_1_310' title='bbox 1430 2254 1607 2294; x_wconf 90' lang='lat' dir='ltr'>inferior</span> <span class='ocrx_word' id='word_1_311' title='bbox 1651 2267 1750 2307; x_wconf 91' lang='lat' dir='ltr'>pars</span> 
     </span>
     <span class='ocr_line' id='line_1_36' title="bbox 220 2322 1751 2377; baseline 0.002 -16"><span class='ocrx_word' id='word_1_312' title='bbox 220 2322 330 2374; x_wconf 83' lang='lat' dir='ltr'>ignis</span> <span class='ocrx_word' id='word_1_313' title='bbox 351 2329 417 2364; x_wconf 87' lang='lat' dir='ltr'>est</span> <span class='ocrx_word' id='word_1_314' title='bbox 438 2323 588 2364; x_wconf 90' lang='lat' dir='ltr'>similis</span> <span class='ocrx_word' id='word_1_315' title='bbox 609 2324 697 2364; x_wconf 85' lang='lat' dir='ltr'>aeri</span> <span class='ocrx_word' id='word_1_316' title='bbox 720 2331 763 2365; x_wconf 89' lang='lat' dir='ltr'>et</span> <span class='ocrx_word' id='word_1_317' title='bbox 785 2338 858 2365; x_wconf 88' lang='lat' dir='ltr'>aer</span> <span class='ocrx_word' id='word_1_318' title='bbox 879 2324 1032 2365; x_wconf 91' lang='lat' dir='ltr'>similis</span> <span class='ocrx_word' id='word_1_319' title='bbox 1047 2323 1149 2377; x_wconf 82' lang='lat' dir='ltr'>igni,</span> <span class='ocrx_word' id='word_1_320' title='bbox 1163 2329 1341 2377; x_wconf 89' lang='lat' dir='ltr'>propter</span> <span class='ocrx_word' id='word_1_321' title='bbox 1357 2323 1472 2376; x_wconf 91' lang='lat' dir='ltr'>quod</span> <span class='ocrx_word' id='word_1_322' title='bbox 1496 2336 1581 2363; x_wconf 91' lang='lat' dir='ltr'>non</span> <span class='ocrx_word' id='word_1_323' title='bbox 1605 2329 1751 2376; x_wconf 89' lang='lat' dir='ltr'>potest</span> 
     </span>
     <span class='ocr_line' id='line_1_37' title="bbox 224 2389 1753 2446; baseline 0.002 -16"><span class='ocrx_word' id='word_1_324' title='bbox 224 2389 313 2431; x_wconf 83' lang='lat' dir='ltr'>fieri</span> <span class='ocrx_word' id='word_1_325' title='bbox 337 2390 495 2431; x_wconf 86' lang='lat' dir='ltr'>fraccio</span> <span class='ocrx_word' id='word_1_326' title='bbox 517 2393 736 2432; x_wconf 88' lang='lat' dir='ltr'>radiorum</span> <span class='ocrx_word' id='word_1_327' title='bbox 760 2393 801 2432; x_wconf 91' lang='lat' dir='ltr'>in</span> <span class='ocrx_word' id='word_1_328' title='bbox 819 2406 946 2446; x_wconf 88' lang='lat' dir='ltr'>spera</span> <span class='ocrx_word' id='word_1_329' title='bbox 968 2393 1090 2443; x_wconf 83' lang='lat' dir='ltr'>aeris,</span> <span class='ocrx_word' id='word_1_330' title='bbox 1113 2392 1223 2433; x_wconf 90' lang='lat' dir='ltr'>sicut</span> <span class='ocrx_word' id='word_1_331' title='bbox 1245 2392 1285 2432; x_wconf 93' lang='lat' dir='ltr'>in</span> <span class='ocrx_word' id='word_1_332' title='bbox 1308 2398 1499 2432; x_wconf 88' lang='lat' dir='ltr'>tractatu</span> <span class='ocrx_word' id='word_1_333' title='bbox 1521 2391 1589 2431; x_wconf 82' lang='lat' dir='ltr'>De</span> <span class='ocrx_word' id='word_1_334' title='bbox 1609 2391 1753 2433; x_wconf 71' lang='lat' dir='ltr'>radiis</span> 
     </span>
     <span class='ocr_line' id='line_1_38' title="bbox 221 2459 1750 2514; baseline 0.001 -16"><span class='ocrx_word' id='word_1_335' title='bbox 221 2459 337 2511; x_wconf 89' lang='lat' dir='ltr'>prius</span> <span class='ocrx_word' id='word_1_336' title='bbox 362 2460 648 2502; x_wconf 85' lang='lat' dir='ltr'>manifestavi.</span> <span class='ocrx_word' id='word_1_337' title='bbox 711 2461 770 2501; x_wconf 88' lang='lat' dir='ltr'>Et</span> <span class='ocrx_word' id='word_1_338' title='bbox 791 2475 864 2501; x_wconf 87' lang='lat' dir='ltr'>aer</span> <span class='ocrx_word' id='word_1_339' title='bbox 878 2462 920 2501; x_wconf 90' lang='lat' dir='ltr'>in</span> <span class='ocrx_word' id='word_1_340' title='bbox 941 2467 1064 2514; x_wconf 90' lang='lat' dir='ltr'>parte</span> <span class='ocrx_word' id='word_1_341' title='bbox 1078 2460 1267 2501; x_wconf 87' lang='lat' dir='ltr'>inferiori</span> <span class='ocrx_word' id='word_1_342' title='bbox 1289 2460 1552 2500; x_wconf 84' lang='lat' dir='ltr'>assimilatur</span> <span class='ocrx_word' id='word_1_343' title='bbox 1574 2473 1686 2513; x_wconf 86' lang='lat' dir='ltr'>aque</span> <span class='ocrx_word' id='word_1_344' title='bbox 1708 2467 1750 2500; x_wconf 85' lang='lat' dir='ltr'>et</span> 
     </span>
    </p>
   </div>
   <div class='ocr_carea' id='block_1_11' title="bbox 219 2528 1753 2733">
    <p class='ocr_par' dir='ltr' id='par_1_12' title="bbox 219 2528 1753 2733">
     <span class='ocr_line' id='line_1_39' title="bbox 219 2528 1751 2583; baseline 0.001 -16"><span class='ocrx_word' id='word_1_345' title='bbox 219 2541 333 2580; x_wconf 87' lang='lat' dir='ltr'>aqua</span> <span class='ocrx_word' id='word_1_346' title='bbox 366 2530 466 2578; x_wconf 89' lang='lat' dir='ltr'>aeri,</span> <span class='ocrx_word' id='word_1_347' title='bbox 494 2536 536 2570; x_wconf 87' lang='lat' dir='ltr'>et</span> <span class='ocrx_word' id='word_1_348' title='bbox 563 2543 676 2583; x_wconf 86' lang='lat' dir='ltr'>aqua</span> <span class='ocrx_word' id='word_1_349' title='bbox 703 2530 743 2570; x_wconf 91' lang='lat' dir='ltr'>in</span> <span class='ocrx_word' id='word_1_350' title='bbox 774 2529 963 2570; x_wconf 88' lang='lat' dir='ltr'>inferiori</span> <span class='ocrx_word' id='word_1_351' title='bbox 995 2535 1119 2582; x_wconf 86' lang='lat' dir='ltr'>parte</span> <span class='ocrx_word' id='word_1_352' title='bbox 1147 2528 1409 2569; x_wconf 84' lang='lat' dir='ltr'>assimilatur</span> <span class='ocrx_word' id='word_1_353' title='bbox 1440 2535 1552 2568; x_wconf 86' lang='lat' dir='ltr'>terre</span> <span class='ocrx_word' id='word_1_354' title='bbox 1575 2534 1617 2569; x_wconf 89' lang='lat' dir='ltr'>et</span> <span class='ocrx_word' id='word_1_355' title='bbox 1639 2535 1751 2569; x_wconf 87' lang='lat' dir='ltr'>terra</span> 
     </span>
     <span class='ocr_line' id='line_1_40' title="bbox 268 2639 1753 2682; baseline 0 -12"><span class='ocrx_word' id='word_1_356' title='bbox 268 2650 307 2670; x_wconf 89' lang='lat'>10</span> <span class='ocrx_word' id='word_1_357' title='bbox 330 2643 384 2670; x_wconf 84' lang='lat' dir='ltr'>De</span> <span class='ocrx_word' id='word_1_358' title='bbox 401 2641 553 2682; x_wconf 83' lang='lat' dir='ltr'>Anima]</span> <span class='ocrx_word' id='word_1_359' title='bbox 569 2642 600 2672; x_wconf 91' lang='lat' dir='ltr'>ii.</span> <span class='ocrx_word' id='word_1_360' title='bbox 618 2651 702 2672; x_wconf 87' lang='lat' dir='ltr'>eom.</span> <span class='ocrx_word' id='word_1_361' title='bbox 720 2651 772 2681; x_wconf 83' lang='lat'>39.</span> <span class='ocrx_word' id='word_1_362' title='bbox 917 2643 997 2672; x_wconf 78' lang='lat' dir='ltr'>celi</span> <span class='ocrx_word' id='word_1_363' title='bbox 1014 2644 1052 2672; x_wconf 79' lang='lat' dir='ltr'>et</span> <span class='ocrx_word' id='word_1_364' title='bbox 1067 2639 1220 2681; x_wconf 84' lang='lat' dir='ltr'>Mundi]</span> <span class='ocrx_word' id='word_1_365' title='bbox 1236 2640 1277 2672; x_wconf 90' lang='lat' dir='ltr'>iv.</span> <span class='ocrx_word' id='word_1_366' title='bbox 1297 2649 1348 2678; x_wconf 87' lang='lat'>27.</span> <span class='ocrx_word' id='word_1_367' title='bbox 1555 2648 1596 2678; x_wconf 91' lang='lat'>19</span> <span class='ocrx_word' id='word_1_368' title='bbox 1620 2642 1699 2670; x_wconf 85' lang='lat' dir='ltr'>Geli</span> <span class='ocrx_word' id='word_1_369' title='bbox 1716 2644 1753 2670; x_wconf 75' lang='lat' dir='ltr'>et</span> 
     </span>
     <span class='ocr_line' id='line_1_41' title="bbox 220 2692 1752 2733; baseline 0 -11"><span class='ocrx_word' id='word_1_370' title='bbox 220 2693 372 2733; x_wconf 86' lang='lat' dir='ltr'>Mundi]</span> <span class='ocrx_word' id='word_1_371' title='bbox 389 2693 422 2724; x_wconf 90' lang='lat' dir='ltr'>ii.</span> <span class='ocrx_word' id='word_1_372' title='bbox 439 2695 490 2731; x_wconf 88' lang='lat'>48.</span> <span class='ocrx_word' id='word_1_373' title='bbox 728 2704 767 2732; x_wconf 87' lang='lat'>27</span> <span class='ocrx_word' id='word_1_374' title='bbox 793 2692 1092 2733; x_wconf 80' lang='lat' dir='ltr'>Metheororum]</span> <span class='ocrx_word' id='word_1_375' title='bbox 1110 2693 1142 2723; x_wconf 89' lang='lat' dir='ltr'>ii.</span> <span class='ocrx_word' id='word_1_376' title='bbox 1165 2703 1195 2723; x_wconf 87' lang='lat'>2.</span> <span class='ocrx_word' id='word_1_377' title='bbox 1410 2701 1451 2731; x_wconf 81' lang='lat'>33</span> <span class='ocrx_word' id='word_1_378' title='bbox 1475 2694 1530 2723; x_wconf 88' lang='lat' dir='ltr'>De</span> <span class='ocrx_word' id='word_1_379' title='bbox 1546 2692 1676 2732; x_wconf 77' lang='lat' dir='ltr'>radiis]</span> <span class='ocrx_word' id='word_1_380' title='bbox 1695 2701 1752 2723; x_wconf 88' lang='lat' dir='ltr'>see</span> 
     </span>
    </p>
   </div>
   <div class='ocr_carea' id='block_1_12' title="bbox 220 2754 321 2783">
    <p class='ocr_par' dir='ltr' id='par_1_13' title="bbox 220 2754 321 2783">
     <span class='ocr_line' id='line_1_42' title="bbox 220 2754 321 2783; baseline 0 -9"><span class='ocrx_word' id='word_1_381' title='bbox 220 2755 249 2783; x_wconf 87' lang='lat' dir='ltr'>p.</span> <span class='ocrx_word' id='word_1_382' title='bbox 270 2754 321 2782; x_wconf 87' lang='lat'>27.</span> 
     </span>
    </p>
   </div>
   <div class='ocr_carea' id='block_1_13' title="bbox 1772 1171 1804 1202">
    <p class='ocr_par' dir='ltr' id='par_1_14' title="bbox 1772 1171 1804 1202">
     <span class='ocr_line' id='line_1_43' title="bbox 1772 1171 1804 1202; baseline 0 0"><span class='ocrx_word' id='word_1_383' title='bbox 1772 1171 1804 1202; x_wconf 77' lang='lat'>15</span> 
     </span>
    </p>
   </div>
   <div class='ocr_carea' id='block_1_14' title="bbox 1770 1858 1806 1888">
    <p class='ocr_par' dir='ltr' id='par_1_15' title="bbox 1770 1858 1806 1888">
     <span class='ocr_line' id='line_1_44' title="bbox 1770 1858 1806 1888; baseline 0 0"><span class='ocrx_word' id='word_1_384' title='bbox 1770 1858 1806 1888; x_wconf 84' lang='lat'>25</span> 
     </span>
    </p>
   </div>
   <div class='ocr_carea' id='block_1_15' title="bbox 1772 2202 1811 2231">
    <p class='ocr_par' dir='ltr' id='par_1_16' title="bbox 1772 2202 1811 2231">
     <span class='ocr_line' id='line_1_45' title="bbox 1772 2202 1811 2231; baseline 0 -9"><span class='ocrx_word' id='word_1_385' title='bbox 1772 2202 1811 2231; x_wconf 79' lang='grc'>30</span> 
     </span>
    </p>
   </div>
   <div class='ocr_carea' id='block_1_16' title="bbox 1773 2544 1810 2574">
    <p class='ocr_par' dir='ltr' id='par_1_17' title="bbox 1773 2544 1810 2574">
     <span class='ocr_line' id='line_1_46' title="bbox 1773 2544 1810 2574; baseline 0.027 -1"><span class='ocrx_word' id='word_1_386' title='bbox 1773 2544 1810 2574; x_wconf 75' lang='grc'>35</span> 
     </span>
    </p>
   </div>
  </div>
 </body>
</html>
