1898 3126
115 868 191 909 69³

53 2303 85 2331 κ’.
108 2303 165 2331 108
185 2300 205 2329 b
226 2310 252 2331 1.

128 2574 168 2615 69
187 2576 205 2603 b
228 2584 252 2604 1.

980 122 1062 176 238

255 250 297 283 et
322 243 362 282 in
386 247 501 281 terra
527 238 655 279 simul
686 244 730 279 et
758 235 919 285 seme13
955 241 998 276 et
1031 235 1090 275 ita
1118 235 1292 286 ubique,
1315 233 1426 274 sicut
1457 233 1607 282 Deus;
1641 237 1684 272 et
1712 231 1790 271 erit

257 310 457 365 potencie
479 308 661 358 infinite,
682 306 784 359 quia
814 318 941 358 posse
970 317 1063 344 esse
1092 303 1254 355 ubique
1286 308 1352 343 est
1380 301 1580 356 potencie
1610 299 1789 340 infinite.

262 380 319 419 Et
342 379 551 419 dixerunt
578 377 632 416 ad
667 376 760 424 hoc,
792 374 911 427 quod
947 373 1069 413 Deus
1102 385 1158 412 ex
1190 384 1321 411 causa
1352 369 1516 422 duplici
1549 382 1636 409 non
1667 369 1792 409 abest

259 448 383 488 alicui
418 446 529 496 loco,
561 453 655 486 tum
690 443 792 497 quia
823 441 1073 482 substancia
1114 439 1353 493 spiritualis
1396 445 1473 489 est,
1508 443 1551 479 et
1593 442 1790 491 respectu

259 516 435 570 spiritus
476 528 563 555 non
605 512 846 554 attenditur
888 510 1103 551 distancia
1144 508 1406 562 corporalis;
1450 514 1544 548 tum
1582 506 1684 559 quia
1725 511 1791 546 est

260 582 459 635 potencie
482 580 648 620 infinite
670 577 931 618 continentis
964 576 1111 616 omnia
1143 581 1186 615 et
1214 573 1384 628 singula
1416 587 1493 627 per
1525 572 1791 627 presenciam

261 650 515 703 Majestatis.
580 648 695 688 Nam
723 646 849 686 aliter
872 650 985 685 esset
1013 644 1210 685 vacuitas
1232 643 1274 682 in
1297 649 1495 683 creatura
1517 648 1560 682 et
1582 641 1792 691 defectus,

259 719 415 772 quibus
452 718 652 758 tenderet
686 716 728 754 in
765 727 851 753 non
891 726 997 754 6556.
1062 712 1120 752 Et
1153 712 1327 752 racione
1358 711 1481 752 istius
1513 709 1792 763 proprietatis

260 788 403 828 divine
425 793 490 826 est
513 791 629 825 recte
652 783 824 836 ubique,
846 789 890 823 et
911 781 1014 834 quia
1037 781 1199 833 ubique
1221 785 1287 820 est
1310 793 1367 820 ex
1388 779 1470 819 hac
1493 779 1677 828 racione,
1696 778 1793 818 ideo

214 869 348 897 2.non
390 856 513 896 abest
555 851 681 893 alicui
722 851 833 892 1060.
897 850 1118 903 Quoniam
1163 849 1301 889 ceiam
1352 848 1474 888 Deus
1512 853 1576 888 est
1604 845 1608 901 Ι
1638 853 1794 887 natura

260 923 508 978 spiritualis,
531 934 617 961 non
639 920 790 974 recipit
813 919 1071 959 distanciam
1102 917 1389 970 corporalem,
1412 922 1455 957 et
1485 916 1584 957 ideo
1616 927 1793 968 presens

261 993 355 1034 celo
398 1005 483 1032 non
518 992 642 1031 abest
679 996 801 1030 terre.
863 988 1065 1040 Angelus
1097 994 1245 1027 autem
1283 999 1370 1027 non
1406 985 1541 1026 habet
1576 985 1795 1025 racionem

264 1061 504 1114 majestatis
542 1073 619 1099 nec
658 1057 857 1112 potencie
892 1056 1071 1106 infinite,
1103 1062 1146 1096 et
1189 1056 1288 1097 ideo
1321 1069 1377 1096 ex
1411 1055 1494 1095 hac
1528 1054 1795 1108 proprietate

264 1144 349 1172 non
381 1130 544 1182 ubique
574 1133 654 1177 est,
676 1127 778 1180 quia
810 1140 908 1167 cum
942 1132 1009 1167 est
1042 1138 1219 1179 presens
1251 1124 1344 1165 celo
1378 1137 1464 1163 non
1496 1123 1622 1163 abest
1653 1128 1796 1169 terre;

261 1200 338 1241 sed
391 1199 564 1238 racione
605 1195 937 1250 spiritualitatis,
980 1208 1067 1247 qua
1121 1193 1285 1234 nullam
1339 1193 1596 1234 distanciam
1646 1189 1798 1243 recipit

262 1266 545 1320 corporalem,
568 1266 670 1319 quia
702 1264 869 1304 nullum
900 1264 1034 1305 situm
1061 1262 1206 1312 habet,
1230 1275 1308 1302 nec
1337 1262 1524 1302 situatur
1556 1261 1598 1300 in
1628 1259 1720 1300 celo
1750 1265 1798 1299 ut

263 1333 402 1381 stella,
425 1346 502 1372 nec
533 1333 575 1372 in
601 1339 716 1372 terra
739 1337 786 1370 ut
809 1330 955 1379 homo,
979 1330 1077 1370 ideo
1099 1329 1233 1369 habet
1256 1328 1374 1380 quod
1398 1340 1573 1382 presens
1596 1325 1689 1367 celo
1710 1338 1797 1365 non

264 1403 389 1442 abest
426 1407 551 1448 terre,
584 1413 662 1441 nec
696 1400 843 1440 distat.
908 1399 967 1439 Et
1001 1399 1099 1439 ideo
1133 1398 1372 1438 secundum
1410 1397 1520 1437 hanc
1556 1396 1673 1437 viam
1710 1407 1796 1434 non

264 1473 396 1511 debet
432 1470 575 1510 adhuc
607 1469 778 1522 proprie
815 1473 858 1508 et
896 1468 1037 1521 primo
1074 1474 1116 1507 et
1154 1466 1448 1520 principaliter
1478 1465 1562 1506 dici
1594 1464 1711 1517 quod
1743 1463 1798 1503 sit

265 1540 426 1592 ubique
467 1551 543 1590 per
579 1536 936 1582 affirmacionem‚
970 1542 1012 1576 et
1046 1535 1128 1575 hoc
1165 1535 1370 1587 precipue
1403 1540 1450 1574 ut
1484 1533 1797 1574 dissimilitudo

265 1608 358 1660 ejus
381 1607 436 1647 ad
460 1605 736 1658 majestatem
760 1605 845 1645 Dei
869 1611 1053 1645 notetur.
1118 1603 1195 1644 Set
1227 1610 1375 1644 tamen
1404 1616 1481 1655 per
1512 1602 1797 1655 negacionem

268 1679 411 1727 potest
430 1672 526 1719 dici,
546 1684 623 1712 nec
638 1671 756 1724 quod
772 1671 893 1711 abest
910 1670 1001 1711 celo
1017 1683 1095 1711 nec
1110 1676 1234 1717 terre,
1249 1675 1427 1722 propter
1443 1668 1525 1708 hoc
1543 1669 1663 1721 quod
1682 1667 1800 1707 nulla

267 1741 479 1783 distancia
508 1740 743 1793 corporalis
775 1740 812 1780 ei
844 1740 1125 1787 conceditur,
1158 1751 1237 1778 nec
1262 1738 1397 1778 habet
1419 1743 1568 1777 notam
1602 1744 1798 1791 respectu

268 1811 372 1863 ejus,
403 1810 504 1862 quia
535 1822 621 1849 non
651 1814 716 1849 est
745 1809 975 1862 proporcio
1003 1807 1240 1862 spiritualis
1268 1808 1323 1848 ad
1356 1806 1533 1859 aliquod
1560 1806 1799 1860 corporale.

327 1879 557 1932 Quatenus
586 1878 718 1930 igitur
747 1890 834 1918 non
867 1877 1008 1917 solum
1040 1877 1229 1918 vitemus
1261 1889 1464 1924 errorem,
1485 1881 1551 1916 set
1581 1888 1801 1915 sermones

270 1948 434 1989 similes
464 1947 690 1996 erroribus,
713 1947 919 2000 precipue
953 1953 1132 2000 propter
1160 1945 1451 1986 reverenciam
1485 1945 1632 1984 divine
1665 1944 1800 1997 maje-

270 2017 506 2066 statis,non
522 2016 717 2055 dicemus
733 2015 850 2067 quod
860 2015 1040 2068 angelus
1058 2021 1121 2055 est
1140 2013 1269 2054 simul
1286 2020 1328 2054 et
1343 2013 1477 2053 semel
1497 2013 1680 2066 ubique;
1697 2014 1799 2065 quia

271 2086 354 2126 hoc
371 2085 678 2138 appropriatur
702 2084 800 2125 Deo
822 2090 913 2125 tam
932 2085 974 2123 in
993 2098 1037 2124 re
1055 2097 1190 2136 quam
1210 2084 1251 2122 in
1269 2096 1470 2123 sermone
1488 2095 1497 2131 ;
1530 2095 1608 2123 nec
1625 2089 1801 2135 oportet

273 2155 391 2207 quod
408 2155 605 2194 dicamus
627 2154 747 2206 quod
769 2152 949 2207 angelus
972 2159 1037 2193 est
1059 2152 1188 2192 simul
1211 2164 1388 2205 presens
1411 2150 1503 2191 celo
1526 2157 1569 2191 et
1591 2157 1716 2199 terre,
1735 2157 1799 2191 set

273 2237 349 2276 per
372 2223 666 2276 negacionem,
689 2222 808 2274 quod
839 2234 925 2261 non
948 2221 1072 2262 abest
1100 2233 1179 2261 nec
1209 2220 1341 2261 distat
1362 2234 1387 2260 a
1413 2219 1506 2261 celo
1529 2232 1606 2259 nec
1629 2233 1655 2259 a
1676 2225 1801 2266 terra,

274 2298 317 2331 et
344 2305 442 2332 curn
468 2298 533 2331 est
562 2303 738 2344 presens
767 2290 860 2331 celo
888 2288 894 2344 Ῑ
923 2303 1010 2331 non
1036 2290 1170 2330 distat
1199 2303 1224 2329 a
1250 2296 1379 2338 terra,
1402 2301 1479 2328 nec
1501 2289 1625 2329 abest
1647 2288 1703 2328 ab
1726 2300 1801 2336 ea3

275 2366 331 2410 et,
367 2373 391 2400 e
431 2373 654 2408 converso,
692 2372 790 2399 cum
835 2359 1136 2399 consideretur
1175 2371 1350 2411 presens
1395 2363 1520 2407 terre,
1557 2370 1636 2397 nec
1675 2356 1801 2397 abest

276 2442 353 2469 nec
375 2429 509 2469 distat
530 2442 555 2468 a
579 2427 698 2475 celo;
731 2434 780 2468 ut
807 2440 979 2480 semper
1006 2426 1151 2479 aliqua
1178 2426 1359 2479 negacio
1384 2425 1667 2478 exprimatur,
1697 2425 1800 2477 quia

275 2497 438 2537 nullam
460 2496 592 2537 habet
615 2497 831 2536 racionem
856 2495 1066 2536 distancie
1088 2494 1334 2548 corporaliS‚
1358 2507 1457 2533 cum
1481 2494 1536 2534 sit
1558 2494 1745 2547 spiritus.

335 2564 379 2605 Si
421 2573 568 2606 autem
612 2565 768 2605 iterum
804 2564 991 2605 obicitur
1031 2564 1150 2615 quod
1186 2562 1329 2604 adhuc
1357 2561 1361 2615 Ι
1390 2568 1600 2615 sequatur
1631 2576 1688 2603 ex
1720 2562 1800 2602 hac
1847 2580 1858 2586 -

314 2695 335 2723 6
358 2692 580 2732 continentis]
599 2692 835 2723 convenientis
853 2692 887 2722 D
1047 2692 1067 2721 8
1092 2690 1266 2730 tenderet]
1284 2690 1428 2720 tendent
1444 2689 1477 2719 F
1629 2699 1649 2728 9
1674 2694 1707 2720 et
1724 2687 1802 2728 quia

272 2745 393 2784 ubique
412 2750 464 2775 est
480 2754 545 2775 om.
564 2744 596 2774 F
762 2753 799 2782 15
824 2742 962 2783 recipit]
981 2743 1119 2782 respicit
1135 2752 1199 2772 nec
1217 2741 1337 2781 recipit
1354 2741 1388 2771 F
1553 2751 1594 2772 20
1618 2741 1797 2781 precipue]

271 2796 400 2835 precise
419 2797 450 2825 F
575 2805 614 2833 24
640 2795 727 2835 ejus]
746 2795 844 2835 hujus
860 2795 893 2825 F
1022 2804 1063 2833 29
1087 2793 1255 2834 dicamus]
1273 2793 1424 2823 dicemus
1440 2793 1474 2822 D

1815 867 1851 889 10

1820 1536 1898 1573 ΞΕ)1

1821 2239 1862 2270 30
