1898 3126
807 112 888 154 233

65 212 122 254 'fit
151 212 193 252 in
227 210 320 251 celo
349 223 426 264 per
452 211 721 265 presenciam
753 225 827 251 sue
857 211 1104 253 substancie
1136 227 1221 266 que
1255 220 1406 254 sancta
1439 219 1517 260 cst,
1540 219 1614 253 aut

76 282 118 321 in
142 279 310 320 inferno
334 291 420 332 que
447 278 729 332 dampnatur,
750 287 825 320 aut
848 280 890 320 in
921 282 1177 333 purgatorio
1207 295 1292 334 que
1322 295 1446 335 spem
1479 281 1613 322 habet

76 347 238 390 salutis.
301 347 421 400 Ergo
448 348 700 389 substancia
728 349 967 402 spiritualis
996 362 1081 389 non
1104 350 1187 389 erit
1212 349 1352 389 solum
1375 356 1419 390 et
1441 363 1614 402 semper

76 429 253 472 presens
275 416 347 456 uni
370 416 467 457 loco
490 417 698 469 punctali,
713 417 952 458 secundum
975 430 1098 458 suam
1122 418 1371 465 essenciam,
1387 418 1496 458 sicut
1511 430 1588 457 nec
1611 426 1614 473 ι

41 506 57 537 5
78 485 314 528 secundum
337 497 460 526 suam
485 486 733 538 potenciam
760 485 899 526 solam
930 486 1155 538 operandi.
1219 485 1345 531 Item,
1377 486 1411 524 si
1434 485 1615 539 angelus

78 560 189 596 esset
220 558 386 594 artatus
417 553 472 594 ad
506 560 731 606 punctum,
755 561 798 595 et
830 561 946 595 esset
976 554 1232 594 substancia
1263 553 1478 606 punctalis
1504 551 1510 607 Ι
1540 554 1616 592 im-

80 622 287 677 possibile
311 627 376 662 est
403 622 521 674 quod
545 628 658 663 esset
681 623 905 677 dignitatis
932 621 1045 662 illius
1072 636 1155 675 que
1183 623 1434 675 predicatur
1455 621 1509 661 de
1536 635 1587 662 eo
1609 634 1616 669 ;

80 705 178 733 nam
211 698 314 732 tunc
346 696 389 731 et
421 691 612 732 essencia
643 698 756 732 esset
787 691 1004 744 punctalis
1032 698 1076 732 et
1108 692 1322 745 potencia,
1345 697 1389 732 et
1422 691 1483 731 ita
1505 696 1617 731 esset

79 760 286 801 vilissima
314 759 677 810 substanciarum,
708 767 752 801 et
773 760 898 801 vilior
927 761 1129 801 omnibus
1153 760 1258 809 aliis,
1282 773 1366 812 que
1389 760 1444 800 ad
1468 759 1616 812 puncti

26 845 62 866 10
82 829 298 869 miseriam
321 841 407 869 non
429 835 638 870 altantur.
691 829 786 870 Nec
807 829 991 882 expedit
1014 830 1097 869 dici
1114 829 1235 882 quod
1259 828 1357 869 licet
1380 829 1464 868 sint
1487 834 1600 868 artat
1605 828 1616 867 i

80 898 135 939 ad
164 903 374 950 punctum
398 897 524 946 mole,
549 910 635 938 non
663 903 812 938 tamen
834 898 1027 947 virtute;
1062 898 1164 950 quia
1185 897 1322 937 virtus
1347 903 1391 937 et
1414 902 1619 950 potestas

81 965 197 1006 idem
235 972 346 1015 sunt,
383 972 426 1007 et
464 966 601 1007 moles
639 967 832 1019 inportat
866 967 1133 1016 essenciam;
1178 972 1245 1006 set
1287 971 1483 1018 potestas
1529 977 1615 1005 non

81 1034 254 1075 excedit
285 1035 535 1082 essenciam,
568 1048 672 1087 ergo
705 1048 784 1075 nec
814 1035 978 1085 virtus;
1012 1042 1055 1075 et
1089 1034 1187 1075 ideo
1220 1033 1300 1074 hec
1335 1047 1436 1086 pars
1460 1046 1617 1074 conce-

83 1103 225 1144 denda
248 1109 328 1143 est.

28 1185 63 1218 15
140 1170 271 1224 Quod
295 1171 329 1210 si
352 1171 536 1212 obicitur
563 1171 680 1224 quod
710 1170 890 1224 angelus
918 1178 983 1212 est
1010 1170 1300 1220 indivisibilis,
1320 1185 1424 1224 ergo
1454 1177 1497 1212 et
1518 1184 1620 1211 suus

82 1238 227 1290 locus;
260 1239 493 1279 dicendum
525 1246 589 1280 est
620 1241 739 1292 quod
773 1239 1094 1281 indivisibilitas
1128 1239 1273 1293 angeli
1318 1246 1360 1280 et
1402 1239 1484 1278 loci
1519 1244 1620 1279 sunt

84 1308 292 1360 equivoca
324 1313 368 1347 et
398 1306 574 1348 alterius
602 1309 797 1360 generis;
830 1309 932 1361 quia
960 1307 1143 1361 angelus
1171 1315 1236 1348 est
1267 1308 1326 1348 ita
1349 1307 1622 1348 indivisibilis

84 1375 201 1428 quod
225 1388 302 1416 nec
325 1381 389 1416 est
411 1383 624 1429 quantum
642 1390 720 1418 nec
736 1378 946 1417 terminus
968 1376 1121 1429 quanti
1143 1393 1151 1426 3
1185 1382 1251 1415 set
1270 1382 1456 1428 punctus
1473 1374 1624 1416 localis

85 1449 149 1485 est
170 1445 380 1485 terminus
411 1444 576 1497 quanti,
609 1445 706 1485 ideo
730 1458 818 1485 non
850 1445 1191 1498 correspondent
1212 1445 1292 1485 sibi
1315 1444 1511 1484 invicem.
1576 1443 1622 1483 Si

29 1525 68 1548 20
86 1510 222 1552 eciam
256 1510 433 1560 dicatur,
457 1512 575 1563 quod
608 1511 667 1552 sic
697 1525 741 1551 se
771 1511 903 1552 habet
934 1510 1147 1551 divisibile
1179 1510 1372 1551 locatum
1397 1511 1452 1550 ad
1477 1509 1621 1550 locum

87 1578 359 1626 divisibilem,
392 1580 502 1619 sicut
540 1579 802 1620 indivisibile
838 1581 894 1620 ad
939 1579 1262 1628 indivisibilem,
1304 1592 1409 1631 ergo
1443 1577 1624 1632 angelus

87 1646 317 1701 occupabit
339 1646 483 1688 locum
505 1647 811 1688 indivisibilem
830 1663 838 1698 ;
873 1648 1105 1688 dicendum
1130 1654 1196 1688 est
1218 1648 1334 1699 quod
1360 1647 1500 1699 prima
1523 1660 1622 1699 pro-

88 1715 252 1770 posicio
275 1729 375 1756 vera
397 1723 463 1758 est
486 1717 540 1756 de
562 1715 814 1756 indivisibili
838 1715 993 1765 locato,
1016 1716 1134 1767 quod
1150 1722 1215 1755 est
1237 1714 1432 1767 ejusdem
1456 1715 1625 1767 generis

88 1798 185 1825 cum
208 1784 427 1834 divisibili,
450 1791 496 1825 ut
519 1790 584 1825 est
606 1790 796 1837 punctus
818 1783 1054 1836 corporalis
1081 1790 1278 1836 respectu
1302 1783 1494 1834 corporis
1516 1797 1524 1833 ;
1557 1788 1623 1822 set

33 1868 68 1900 25
89 1865 173 1892 non
215 1853 268 1893 de
304 1852 389 1893 alio
430 1853 676 1893 indivisibili
718 1853 837 1905 quod
874 1859 940 1892 est
976 1852 1229 1904 spirituale3
1277 1851 1393 1903 quod
1428 1863 1513 1890 non
1556 1858 1621 1890 est

88 1921 282 1973 corporis
314 1934 394 1960 nec
427 1921 698 1973 quantitatis.
761 1920 837 1961 Set
859 1926 953 1960 tota
977 1918 1209 1960 difficultas
1233 1925 1297 1959 est
1320 1924 1516 1971 respectu
1541 1918 1623 1958 loci

88 1986 314 2027 divisibilis
329 1998 337 2035 3
359 1993 401 2027 et
418 1987 628 2038 probatur
643 1987 760 2038 quod
776 1985 956 2038 angelus
973 1998 1059 2025 non
1076 1991 1221 2037 potest
1239 1984 1317 2024 sibi
1336 1984 1626 2024 determinare

90 2055 233 2096 locum
257 2054 532 2103 divisibilem,
553 2068 633 2095 nec
657 2067 865 2106 magnum
881 2067 959 2093 nec
978 2067 1172 2107 parvum,
1191 2053 1246 2093 ad
1265 2066 1394 2105 quem
1414 2052 1626 2092 limitetur

90 2136 165 2176 per
186 2123 454 2175 presenciam
477 2136 610 2163 suam.
674 2123 788 2163 Nam
812 2122 908 2174 plus
930 2121 1133 2162 convenit
1155 2122 1191 2161 ei
1212 2120 1333 2161 locus
1352 2120 1626 2161 indivisibilis

0 2184 1 2234 i
35 2210 73 2241 30
91 2204 223 2244 quam
247 2191 485 2242 divisibilis,
508 2192 612 2244 quia
634 2192 885 2232 substancia
909 2196 974 2231 est
998 2190 1271 2231 indivisibilis
1291 2205 1297 2239 ;
1326 2203 1429 2243 ergo
1447 2190 1481 2229 si
1504 2189 1624 2230 locus

0 2605 4 2650 l

0 2671 5 2695 ι

92 2259 359 2301 indivisibilis
376 2260 414 2300 ei
438 2273 523 2301 non
549 2260 759 2313 congruit,
783 2273 861 2301 nec
889 2258 1028 2299 multo
1053 2258 1192 2312 magis
1215 2258 1332 2298 locus
1355 2257 1592 2298 divisibilis.

1640 491 1675 520 F.
1699 497 1757 530 107
1773 491 1792 522 b
1814 501 1839 521 ι.

1638 561 1716 601 671)
1738 571 1763 592 ῐ.

152 2328 277 2377 Item,
295 2341 380 2369 non
396 2329 599 2370 convenit
611 2341 688 2369 nos
702 2329 923 2380 assignare
950 2326 955 2381 Ι
985 2327 1057 2366 uni
1079 2326 1237 2379 angelo
1254 2333 1466 2379 quantum
1491 2326 1621 2366 debet
1640 2340 1680 2381 67
1698 2340 1720 2370 b
1741 2349 1768 2369 2

93 2409 317 2449 occupare,
351 2410 430 2438 nec
452 2403 598 2451 potest
621 2410 697 2450 per
719 2403 916 2436 naturam
942 2394 1022 2435 loci
1045 2401 1087 2435 et
1110 2394 1237 2435 locati
1270 2395 1510 2447 assignari3
1543 2394 1623 2433 sci-

93 2463 192 2504 licet
224 2470 272 2505 ut
303 2465 356 2505 sit
379 2478 489 2505 unus
521 2478 609 2517 pes,
632 2464 700 2505 vel
725 2465 824 2513 duo,
847 2462 913 2503 vel
947 2469 1158 2515 quantum
1192 2462 1311 2502 locus
1343 2428 1532 2502 hominis
1557 2461 1624 2501 vel

141 2619 154 2640 1
181 2608 313 2650 sancta]
332 2608 426 2640 salva
442 2609 475 2639 F
617 2619 633 2647 7
659 2618 725 2648 que
742 2605 952 2647 predicatur]
970 2606 1058 2644 quod
1079 2610 1170 2645 patet
1187 2606 1218 2635 F
1364 2615 1466 2643 12—13
1491 2610 1543 2636 set
1560 2629 1567 2636 .
1590 2629 1595 2636 .
1612 2630 1618 2637 .

95 2661 280 2691 essenciam
297 2670 364 2691 om.
382 2659 416 2690 F
566 2669 607 2699 25
631 2658 716 2699 alio]
733 2659 820 2689 alico
836 2658 869 2688 F
1024 2667 1066 2696 29
1090 2656 1320 2696 presenciam]
1352 2657 1621 2696 permanenciam

95 2711 141 2743 F:
173 2711 402 2742 substanciam
429 2711 463 2741 D
661 2720 700 2750 31
727 2708 899 2750 congruit]
929 2708 1087 2740 convenit
1114 2708 1176 2738 FD
1375 2718 1416 2746 32
1441 2709 1623 2749 quantum]

95 2772 192 2802 quem
211 2761 320 2792 locum
339 2763 373 2792 D

161 2841 186 2858 R.
204 2840 228 2858 Β.
243 2840 272 2858 ιιι
847 2826 875 2855 R
