1877 3131
91 403 215 435 43a2.

86 2251 197 2291 „fflbi

975 150 1052 191 ¹54

236 262 446 306 tempore,
480 266 557 294 nec
589 267 611 293 e
644 266 865 303 converso,
898 260 941 294 et
974 253 1094 305 quod
1129 266 1263 292 unum
1296 252 1419 293 alteri
1453 251 1651 293 debetur.
1714 252 1774 293 Et

235 324 333 364 ideo
355 322 618 363 Aristoteles
641 322 760 371 dicit,
782 323 900 375 quod
925 329 1099 374 tempus
1122 328 1188 362 est
1219 335 1427 361 numerus
1451 327 1607 370 motus,
1630 321 1673 361 id
1696 327 1774 369 est,

237 390 450 446 mcnlsura
481 397 599 432 certa
627 391 736 444 ejus,
769 405 869 432 nam
903 391 1123 431 certitudo
1155 404 1358 430 mensure
1391 390 1530 442 prima
1561 389 1774 442 reperitur

236 461 276 500 in
300 461 558 513 quantitate,
581 466 628 500 ut
656 460 747 500 vult
774 459 1038 500 Aristoteles
1061 460 1103 499 in
1127 459 1300 499 decimo
1321 458 1650 512 Methaplzz'szke.
1712 459 1772 499 Et

235 530 375 583 primo
390 530 431 569 in
447 530 694 582 quantitate
715 529 913 577 discreta,
931 529 1034 581 quia
1057 528 1303 569 communis
1328 535 1393 568 est
1418 528 1537 568 omni
1561 534 1773 576 creature,

235 606 277 639 et
311 600 447 640 eciam
476 597 641 650 aliquid
671 598 812 638 simile
834 611 1028 647 numerO,
1051 598 1141 637 sive
1169 597 1236 637 cui
1268 610 1475 636 numerus
1505 595 1772 637 assimilatur

236 676 301 708 est
325 668 366 707 in
388 673 594 715 creature,
621 667 860 707 secundum
883 666 1002 719 quod
1020 665 1285 706 Aristoteles
1308 665 1426 712 dicit,
1450 665 1592 719 primo
1620 663 1710 706 Celz'
1730 671 1774 705 et

235 737 412 786 Mundi,
437 750 515 789 pro
547 736 754 785 trinitate,
787 736 889 788 quia
922 749 997 787 per
1027 735 1141 775 hunc
1174 748 1405 775 numerum
1437 734 1771 787 magnificamus

235 807 394 846 trinum
427 806 571 845 Deum
602 811 645 844 et
674 818 808 844 unum
841 792 1107 844 eminentem
1139 803 1479 857 proprietatibus
1510 816 1660 843 eorum
1686 816 1772 855 que

232 882 333 915 sunt
362 880 519 921 creata,
549 879 593 914 et
630 873 729 914 ideo
766 873 1051 914 transumitur
1092 885 1251 912 nomen
1295 873 1464 912 numeri
1506 873 1562 913 ad
1605 878 1770 912 certam

234 956 492 991 mensuram,
508 948 550 982 et
572 942 813 982 secundum
836 941 918 981 hoc
934 941 1146 994 accipitur
1163 941 1205 981 in
1223 940 1526 994 descripcione
1544 940 1772 993 temporis,

233 1019 276 1052 et
299 1025 384 1052 non
407 1025 484 1065 pro
511 1024 690 1051 numero
719 1010 892 1064 proprie
918 1016 1108 1063 sumpto,
1137 1017 1184 1050 ut
1210 1016 1275 1049 cst
1308 1010 1496 1050 discreta
1518 1010 1770 1062 quantitas;

233 1081 337 1133 quia
377 1086 550 1133 tempus
592 1079 832 1119 secundum
874 1078 1178 1129 Aristotelem,
1220 1079 1262 1118 in
1311 1078 1674 1126 Predz‘camentis,
1727 1083 1771 1117 et

233 1150 384 1202 quinto
401 1148 721 1201 stlelllaplzisice,
737 1155 802 1188 est
818 1148 1023 1188 continua
1042 1148 1274 1200 quantitas,
1289 1147 1496 1200 quoniam
1513 1147 1769 1187 continuum

232 1225 296 1258 est
319 1218 440 1270 cujus
463 1225 607 1270 partes
630 1217 890 1271 copulantur
911 1217 967 1257 ad
989 1229 1267 1256 communem
1292 1216 1541 1264 terminum,
1558 1221 1601 1255 et
1623 1215 1683 1256 sic
1705 1220 1770 1254 est

231 1287 287 1327 de
309 1294 521 1339 tempore,
545 1286 753 1338 quoniam
780 1285 873 1338 ejus
904 1291 1050 1339 partes
1079 1285 1343 1337 copulantur
1369 1285 1424 1324 ad
1457 1285 1634 1333 instans,
1658 1283 1770 1323 sicut

232 1362 377 1408 partes
411 1355 522 1395 linee
551 1355 606 1394 ad
634 1361 857 1407 punctum.
932 1355 991 1394 Et
1022 1354 1261 1395 secundum
1295 1352 1426 1393 aliam
1460 1352 1769 1392 diffinicionem

228 1424 437 1472 continui,
462 1431 582 1476 patet
605 1423 687 1463 hoc
706 1424 833 1472 idem,
854 1422 1032 1472 scilicet,
1056 1423 1174 1475 quod
1193 1423 1449 1462 continuum
1473 1428 1539 1462 est
1556 1421 1771 1461 divisibile

232 1494 272 1531 in
307 1506 480 1545 semper
508 1491 769 1542 divisibilia,
803 1498 868 1531 set
901 1497 1078 1543 tempus
1110 1497 1176 1531 est
1209 1489 1475 1542 hujusmodi,
1501 1490 1612 1530 sicut
1644 1488 1769 1530 linea.

232 1561 292 1601 Et
323 1560 468 1614 aliqui,
499 1566 675 1612 propter
707 1560 837 1600 verba
875 1559 1010 1600 dubia
1046 1558 1433 1608 Commentatoris‚
1466 1558 1618 1598 volunt
1650 1558 1768 1610 quod

230 1636 405 1682 tempus
427 1635 716 1681 componatur
741 1642 799 1668 ex
831 1629 1040 1668 continuo
1071 1634 1113 1667 et
1137 1628 1339 1676 discreto,
1364 1640 1417 1667 eo
1440 1627 1559 1679 quod
1583 1626 1769 1666 multum

230 1706 274 1738 ct
296 1711 481 1750 paucum
505 1704 604 1737 sunt
628 1698 826 1746 discreta,
857 1696 1037 1749 longum
1062 1703 1105 1737 et
1128 1698 1258 1736 breve
1285 1696 1503 1744 continua,
1528 1702 1571 1735 et
1597 1702 1770 1749 tempus

229 1767 386 1807 dicitur
421 1766 599 1818 longum
639 1773 680 1806 et
716 1766 856 1815 breve,
894 1765 1081 1805 multum
1125 1773 1167 1804 et
1211 1778 1407 1816 paucum.
1469 1763 1546 1804 Set
1588 1763 1668 1804 hec
1704 1771 1769 1803 est

231 1835 432 1883 stulticia,
456 1835 557 1887 quia
591 1833 776 1874 multum
800 1839 842 1873 et
875 1847 1063 1886 paucum
1097 1833 1301 1873 dicuntur
1333 1833 1389 1872 de
1423 1838 1634 1885 tempore,
1659 1831 1768 1872 sicut

229 1904 475 1944 accidencia
508 1917 611 1952 sua;
648 1916 748 1942 nam
784 1902 1015 1955 longitudo
1053 1908 1094 1942 et
1133 1902 1335 1950 brevitas,
1370 1915 1455 1954 que
1489 1901 1628 1952 magis
1666 1913 1767 1940 con-

230 1972 409 2011 veniunt
452 1971 652 2023 tempori,
691 1979 792 2011 sunt
836 1970 1083 2011 accidencia
1118 1969 1224 2022 ejus,
1263 1969 1364 2022 quia
1407 1975 1508 2009 sunt
1540 1969 1582 2008 in
1613 1974 1769 2020 quarta

230 2040 372 2091 specie
405 2040 639 2092 qualitatis,
664 2046 706 2080 et
729 2040 839 2089 ideo,
866 2039 1004 2080 multo
1028 2039 1179 2091 magis,
1211 2039 1408 2079 accident
1439 2037 1624 2090 tempori
1656 2037 1767 2078 mul-

234 2116 325 2147 tum
349 2114 391 2148 et
410 2121 608 2160 paucum.
674 2108 732 2149 Et
754 2109 837 2158 alii,
863 2115 1040 2161 propter
1060 2108 1144 2149 hoc
1167 2108 1284 2161 quod
1307 2114 1481 2161 tempus
1495 2106 1654 2147 dicitur
1675 2119 1769 2146 esse

235 2190 433 2217 mensura
476 2182 632 2225 motus,
676 2179 916 2217 secundum
964 2178 1081 2229 prius
1118 2182 1161 2217 et
1195 2176 1417 2230 posterius,
1455 2182 1498 2216 et
1544 2175 1660 2227 prius
1694 2172 1765 2227 et]

235 2245 447 2297 posterius
470 2245 708 2296 important
731 2246 1059 2294 discoecionem,
1088 2245 1240 2285 volunt
1272 2246 1388 2297 quod
1412 2251 1586 2296 tempus
1607 2242 1768 2283 habeat
1788 2261 1830 2291 30
1863 2254 1864 2263 ¹

234 2313 397 2365 aliquid
427 2314 481 2352 dc
511 2314 710 2354 discreto.
775 2314 854 2355 Set
882 2313 988 2354 illud
1011 2327 1097 2354 non
1131 2314 1262 2367 cogit,
1287 2314 1365 2353 nisi
1389 2313 1499 2353 sicut
1521 2311 1766 2363 subjectum

235 2382 365 2421 habet
388 2395 511 2421 suum
538 2382 750 2431 accidens,
774 2396 872 2422 nam
898 2383 1016 2435 prius
1039 2390 1080 2423 et
1099 2382 1373 2435 posteriusin
1398 2387 1531 2429 motu,
1554 2386 1766 2432 quantum

235 2451 289 2490 ad
332 2450 470 2502 prima
512 2450 692 2501 signata,
732 2451 813 2490 hoc
847 2457 910 2490 est
947 2451 1147 2504 prioritas
1180 2457 1221 2489 et
1254 2449 1497 2502 posteritas,
1528 2454 1628 2488 sunt
1656 2447 1768 2488 acci-

280 2573 298 2599 4
324 2561 616 2601 Methaphisioe]
635 2571 667 2590 x.
686 2571 715 2599 5.
848 2571 864 2599 7
891 2563 970 2592 Geli
990 2565 1027 2592 et
1046 2559 1199 2600 Mundi]
1226 2560 1246 2591 i.
1263 2570 1293 2598 2,
1314 2569 1344 2600 3,
1363 2560 1392 2589 6.
1529 2568 1568 2597 13
1594 2559 1769 2589 Prediea-

234 2612 389 2652 mentis]
407 2612 468 2642 loe.
488 2612 544 2642 cit.
692 2621 729 2650 14
755 2611 1049 2652 Methaphisioe]
1074 2612 1136 2643 loc.
1154 2612 1208 2641 cit.

280 2712 300 2738 6
324 2710 543 2750 assimilatur]
562 2711 751 2750 appellatur
767 2711 799 2740 F
903 2712 923 2740 8
949 2709 1117 2749 trinitate]
1136 2709 1316 2739 eternitate
1334 2708 1368 2738 D
1466 2718 1504 2738 10
1529 2706 1767 2746 transumitur]

237 2766 480 2792 transmutatur
496 2761 530 2791 D
622 2772 660 2800 19
685 2762 717 2791 in
732 2760 884 2800 semper]
904 2762 935 2791 in
953 2761 1121 2790 infinitum
1140 2761 1192 2790 vel
1211 2761 1241 2789 in
1256 2770 1392 2798 semper
1409 2759 1443 2789 D
1532 2769 1570 2788 21
1598 2768 1641 2788 eo
1659 2757 1768 2796 quod]

233 2812 314 2850 quia
333 2812 363 2840 J:
470 2815 510 2842 26
534 2812 670 2852 quarta]
689 2814 837 2843 secunda
854 2812 889 2842 D
999 2813 1040 2841 28
1065 2811 1158 2851 esse]
1177 2822 1219 2840 ex
1237 2811 1270 2840 D
1380 2820 1418 2848 31
1448 2810 1554 2850 cogit]
1573 2809 1655 2847 tegit
1671 2808 1706 2838 D

1795 891 1833 911 10

1792 1577 1831 1597 20

1858 2365 1865 2399 l
