1898 3126
121 360 244 390 61a2.

47 1256 84 1288 F.
106 1263 165 1293 104
185 1254 204 1284 b
224 1262 251 1283 2.

131 2002 259 2032 61b1.

987 112 1069 149 214

262 216 364 256 laria
386 221 429 255 et
451 221 596 267 partes
617 221 693 255 aut
716 228 846 268 poros
868 226 1028 254 vacuos
1057 213 1267 266 intercipi.
1331 212 1390 253 Et
1417 211 1784 253 considerandum

263 290 327 325 est
350 285 466 338 quod
499 297 598 324 cera
619 297 704 325 non
732 290 797 324 est
826 283 959 323 rarior
986 295 1117 335 quam
1149 282 1277 335 prius,
1300 281 1455 322 eadem
1487 280 1603 321 enim
1633 285 1788 320 natura
1885 281 1898 307 f*

265 360 329 394 est
351 366 464 393 nunc
486 359 529 393 et
550 354 680 406 prius,
698 353 799 405 quia
816 365 903 392 non
919 351 1076 392 transit
1095 352 1137 390 in
1155 351 1285 391 aliam
1325 356 1525 391 naturam
1548 349 1786 390 secundum
1889 312 1898 462 Ι

264 421 466 474 speciem,
488 426 535 460 ut
552 434 666 472 aqua
687 421 729 460 in
752 433 913 470 aerem,
930 433 1007 459 nec
1029 420 1165 459 eciam
1188 419 1230 458 in
1252 418 1383 459 aliam
1407 423 1610 459 naturam
1634 429 1787 458 secun-

264 489 369 529 dum
389 502 631 539 numerum,
649 489 764 529 unde
781 501 867 528 non
885 494 949 528 est
967 487 1295 538 transmutacio,
1313 487 1393 527 nisi
1411 488 1454 526 in
1476 487 1561 528 situ
1583 485 1793 540 parcium,
1817 503 1833 533 5

264 557 319 597 ad
353 570 483 609 quam
515 557 710 609 sequitur
741 555 1053 596 transmutacio
1085 555 1126 594 in
1159 556 1418 607 quantitate.
1481 553 1527 594 Si
1560 554 1792 606 loquamur
1887 533 1890 648 ι

265 625 321 665 de
341 638 444 665 vero
466 639 562 665 raro
584 632 626 665 et
656 625 805 674 denso,
828 638 913 677 que
941 625 1110 664 diversa
1138 630 1239 665 sunt
1269 623 1311 664 in
1341 624 1524 665 materia
1557 629 1600 664 et
1632 623 1792 675 specie,

264 693 354 733 sive
375 694 459 733 sint
483 693 655 746 equalia
677 694 720 733 in
741 694 1000 746 quantitate,
1019 698 1066 732 ut
1083 699 1198 732 terra
1215 692 1381 744 pedalis
1408 700 1451 733 et
1473 705 1587 746 aqua
1608 690 1792 745 pedalis,
1888 683 1898 755 ᾖ

261 762 351 801 sive
371 762 455 801 sint
485 762 651 802 diverse
680 762 950 814 quantitatiS‚
972 767 1020 801 ut
1051 773 1161 800 unus
1193 760 1384 814 pugillus
1415 768 1529 801 terre
1561 766 1604 801 et
1637 760 1788 800 decern
1888 742 1898 813 l

263 842 388 881 aque.
467 829 622 883 Arguo
663 830 806 883 igitur,
853 829 886 869 si
930 842 1073 869 rarum
1116 835 1181 869 est
1222 829 1345 882 cujus
1387 835 1532 882 partes
1573 828 1789 868 distanter
1821 843 1858 865 10
1890 817 1898 878 i}

260 898 419 951 jacent,
452 903 499 938 ut
531 898 686 938 dicitur
722 898 763 937 in
795 897 1149 946 Predicamenffis,
1182 904 1226 938 et
1262 897 1446 938 densum
1485 896 1609 950 cujus
1645 901 1791 950 partes
1890 886 1898 971 'fi

262 965 505 1019 propinque
531 966 690 1019 jacent.
754 965 831 1007 Set
863 966 897 1006 si
930 978 1071 1006 rarum
1104 971 1171 1006 est
1208 966 1479 1015 continuum,
1509 971 1614 1006 tunc
1645 969 1793 1018 partes
1890 967 1898 1016 ᾗῇ

264 1035 357 1088 ejus
393 1035 653 1088 copulantur
686 1035 742 1075 ad
779 1047 1059 1075 communem
1102 1034 1349 1084 terminum,
1381 1041 1424 1075 et
1462 1034 1524 1074 sic
1561 1033 1795 1087 equabitur

265 1105 401 1145 denso
424 1104 466 1144 in
490 1104 829 1158 propinquitate,
851 1104 955 1156 quia
985 1117 1072 1145 non
1100 1110 1286 1156 possunt
1315 1104 1402 1144 due
1428 1110 1574 1156 partes
1604 1101 1800 1144 continui

269 1173 408 1225 magis
439 1173 561 1222 uniri,
592 1185 725 1226 quam
764 1173 806 1211 in
844 1173 1031 1213 termino
1069 1171 1318 1214 indivisibili
1357 1172 1655 1213 continuante.
1721 1170 1800 1212 Set
1826 1187 1861 1218 15

269 1241 573 1295 propinquitas
599 1241 796 1294 parcium
826 1241 1056 1282 densitatis
1084 1239 1088 1296 Ι
1118 1247 1304 1294 negatur
1325 1241 1368 1281 in
1392 1255 1502 1291 raro,
1523 1255 1626 1295 ergo
1656 1253 1801 1280 rarum

270 1310 402 1350 habet
436 1316 582 1363 partes
616 1310 974 1362 discontinuatas‚
1008 1315 1073 1350 set
1110 1309 1239 1350 nichil
1277 1309 1575 1351 discontinuat
1613 1322 1686 1349 eas
1723 1307 1802 1348 nisi

271 1378 363 1430 pori
395 1379 534 1427 vacui,
563 1378 632 1418 vel
668 1378 833 1431 aliquid
870 1378 1106 1418 adveniens
1138 1379 1194 1419 ab
1227 1384 1366 1427 extra,
1398 1378 1517 1431 quod
1551 1377 1684 1418 dividi
1716 1389 1804 1416 non

272 1453 430 1498 potest,
460 1459 564 1499 ergo
596 1446 691 1500 pori
723 1447 848 1486 vacui
880 1452 983 1487 sunt
1015 1447 1057 1486 in
1087 1459 1193 1486 raro.
1259 1446 1336 1487 Set
1369 1446 1486 1487 istud
1517 1445 1702 1487 solvitur
1732 1445 1805 1494 sic,

272 1514 408 1554 eciam
432 1522 610 1568 propter
630 1515 856 1555 accionem
879 1521 922 1556 et
944 1515 1190 1568 passionem
1218 1520 1459 1569 posuerunt
1481 1527 1641 1555 vacuos
1673 1526 1804 1567 poros
1827 1527 1864 1549 20

276 1584 318 1622 in
348 1583 616 1635 corporibus,
649 1588 696 1623 ut
725 1583 890 1635 aliquid
919 1583 976 1624 ab
1004 1589 1161 1636 agente
1187 1583 1435 1623 inmittatur
1466 1589 1510 1623 et
1538 1582 1806 1636 ingrediatur

276 1651 317 1690 in
341 1651 528 1704 paciens,
579 1651 697 1691 Nam
722 1658 961 1703 posuerunt
983 1652 1102 1704 quod
1124 1665 1255 1692 omne
1276 1665 1410 1704 agens
1433 1651 1615 1692 inmittit
1636 1650 1804 1703 aliquid

277 1720 319 1758 in
351 1719 537 1771 pacien5‚
570 1725 613 1759 θῖ
645 1720 765 1772 quod
798 1720 855 1760 ab
886 1733 937 1760 eo
970 1725 1103 1760 exeat
1137 1720 1315 1772 aliquid,
1336 1719 1406 1760 vel
1437 1733 1538 1773 pars
1568 1718 1637 1759 vel
1668 1719 1805 1759 virtus

276 1786 420 1839 aliqua
456 1787 707 1841 corporalis,
741 1801 825 1841 que
863 1788 1042 1829 intraret
1075 1788 1261 1842 paciens,
1299 1794 1343 1828 et
1380 1787 1585 1829 alteraret
1622 1800 1721 1827 eum
1763 1787 1806 1827 in

278 1854 496 1907 profundo
518 1856 596 1896 sui.
657 1855 875 1896 Viderunt
903 1857 1018 1896 enirn
1040 1857 1173 1909 quod,
1202 1857 1379 1909 quando
1408 1856 1527 1897 aceio
1555 1856 1725 1910 agentis
1755 1855 1806 1897 fit
1829 1868 1864 1899 25

280 1924 321 1962 in
354 1923 565 1976 paciente‚
587 1937 674 1965 non
708 1931 886 1978 propter
917 1924 999 1965 hoc
1032 1926 1239 1966 dividitur
1267 1926 1455 1978 paciens,
1478 1931 1525 1965 ut
1555 1924 1663 1965 illud
1687 1923 1806 1976 quod
1892 1947 1895 1963 ;

280 1991 576 2045 ingrediatur}
605 1992 835 2044 recipiatur
869 1994 981 2033 inter
1016 1993 1154 2034 latera
1195 1993 1418 2046 pacientis,
1455 1992 1663 2045 quoniam
1705 1998 1808 2032 tunc
1892 2005 1895 2044 ξ

279 2059 361 2099 hoc
384 2066 497 2100 esset
519 2061 716 2112 recepcio
746 2061 877 2102 locati
907 2062 948 2101 in
979 2061 1086 2110 loco,
1110 2068 1153 2101 et
1175 2061 1374 2101 videmus
1403 2061 1459 2101 ad
1488 2073 1663 2101 sensum
1688 2060 1806 2113 quod
1892 2047 1896 2112 l

280 2140 365 2167 non
389 2127 437 2167 fit
457 2127 555 2167 talis
585 2129 749 2178 divisio,
773 2136 816 2170 et
845 2129 1149 2183 experimento
1178 2129 1261 2170 hoc
1291 2130 1333 2169 in
1363 2129 1618 2181 corporibus
1651 2128 1808 2169 nostris
1892 2114 1895 2174 l

281 2209 358 2247 per
385 2196 605 2237 accionem
634 2197 763 2237 calidi
791 2204 834 2238 et
866 2197 1009 2250 frigidi
1043 2203 1086 2238 et
1118 2198 1224 2238 alias
1256 2198 1468 2239 acciones.
1533 2197 1644 2238 Cum
1679 2197 1809 2250 igitur
1829 2186 1895 2258 30}

283 2263 446 2316 aliquid
480 2265 703 2318 corporale
736 2272 867 2306 exeat
899 2267 956 2306 ab
988 2272 1217 2320 agenteet
1249 2265 1298 2307 fit
1329 2267 1371 2306 in
1401 2266 1588 2319 pacienS‚
1611 2271 1714 2305 tunc
1742 2263 1810 2305 vel
1888 2258 1894 2321 ξ

282 2337 408 2370 erunt
430 2332 517 2371 duo
540 2345 721 2385 corpora
745 2335 786 2374 in
809 2335 965 2374 eodem
998 2334 1105 2384 loco,
1128 2334 1161 2374 si
1192 2333 1297 2374 illud
1328 2334 1559 2387 recipiatur
1581 2333 1624 2373 in
1647 2332 1809 2373 solidas
1892 2327 1894 2339 ¹

1892 1635 1898 1939 τῃπήφ-ΠᾹ,
1892 1514 1898 1627 m
1893 1492 1895 1505 -
1891 1158 1898 1484 *mma

329 2480 367 2500 12
390 2473 703 2514 Predieamontis]
730 2474 771 2504 de
789 2473 951 2512 qualitate
969 2479 1003 2505 et
1020 2474 1120 2513 quali.

330 2605 343 2624 1
372 2596 430 2636 Et]
449 2597 490 2626 Et
507 2608 573 2627 non
589 2599 623 2628 F
775 2602 797 2629 6
823 2600 857 2630 Si
876 2599 1070 2639 loquamur]
1091 2599 1149 2629 Set
1165 2599 1332 2638 loquimur
1345 2599 1408 2630 FD
1591 2610 1607 2639 7
1632 2599 1716 2640 que]
1734 2604 1768 2630 et
1784 2599 1816 2629 F

288 2655 324 2683 14
349 2648 499 2678 continui
530 2659 596 2679 om.
632 2649 667 2679 D
847 2659 886 2689 15
910 2650 999 2681 uniri
1031 2661 1096 2682 om.
1128 2650 1163 2680 D
1315 2650 1525 2690 indivisibili]
1558 2651 1752 2681 individuali
1782 2650 1815 2680 F

288 2706 324 2734 17
349 2697 625 2741 discontinuitas]
644 2701 934 2732 discontinuitatis
949 2700 983 2731 F
1086 2711 1124 2731 21
1151 2702 1185 2731 in
1203 2702 1400 2741 corporibus
1416 2712 1482 2732 om.
1501 2702 1535 2731 D
1645 2710 1687 2740 25
1710 2701 1811 2732 Vide-

284 2747 378 2787 runt]
399 2749 540 2780 Videret
556 2750 591 2780 D
679 2752 814 2789 quando
830 2761 894 2782 om.
913 2751 948 2781 D
1079 2762 1115 2791 31
1142 2752 1285 2793 aliquid]
1302 2752 1435 2791 aliquod
1453 2752 1487 2782 D

1890 2621 1895 2808 l

1890 2825 1898 3126 l
