1898 3126
104 1097 228 1136 6722.

975 99 1056 141 232

300 227 321 279 <
330 225 379 265 de
401 226 485 266 loco
506 225 769 278 angelornm.
780 225 800 277 >

301 334 473 374 Deinde
500 333 543 372 in
575 331 826 386 particulari
860 331 982 383 argui
1015 337 1161 383 potest
1194 330 1249 370 ad
1284 337 1531 383 utrumque,
1562 337 1606 371 et
1644 331 1790 384 primo

242 402 359 455 quod
392 402 536 442 locum
570 399 873 441 indivisibilem
912 412 999 439 non
1033 398 1250 451 optinebit
1294 411 1371 439 nec
1404 399 1601 452 requiret.
1664 399 1784 440 Nam

241 477 345 510 tunc
363 471 419 510 sit
437 470 507 510 ille
526 469 646 509 locus
662 469 705 509 A
720 475 908 522 punctus
924 468 965 507 in
985 466 1079 507 celo
1099 482 1106 517 ;
1130 473 1336 520 sequetur
1352 467 1480 520 igitur
1498 481 1575 520 per
1591 468 1789 520 superius

242 539 358 580 dicta
374 539 492 591 quod
511 552 598 579 non
613 538 813 579 transibit
832 537 974 589 ipsum
993 535 1038 575 A
1054 536 1096 575 in
1119 542 1329 583 eternum,
1356 549 1496 589 neque
1518 549 1596 590 per
1618 543 1787 578 motum
1811 554 1833 586 5
1889 549 1898 581 l

243 621 384 660 neque
413 621 489 660 per
521 607 817 647 mutacionem
839 619 847 655 ;
880 618 986 657 ergo
1010 618 1095 644 non
1118 604 1370 657 operabitur
1394 605 1472 645 nisi
1496 606 1613 658 apud
1638 606 1782 659 ipsum
1892 584 1898 640 i

245 677 301 716 A.
368 677 487 728 Ergo
520 675 662 728 angeli
696 688 794 716 cum
828 673 989 714 fuerint
1021 686 1174 713 omnes
1202 673 1245 712 in
1271 672 1365 713 celo
1397 675 1542 721 creati,
1566 681 1611 715 et
1642 673 1785 727 primo
1893 697 1898 730 i

244 745 482 785 existentes
516 744 586 792 ibi,
608 757 695 784 non
730 748 911 796 possunt
943 741 1108 794 aliquid
1141 742 1309 794 operari
1342 742 1385 781 in
1419 742 1502 784 hoc
1534 742 1699 784 mundo
1722 743 1786 782 in·
1893 731 1898 783 l

245 813 387 853 feriori
410 827 486 866 per
503 812 770 864 presenciam
786 825 862 851 sue
879 810 1143 860 substancie,
1159 823 1236 850 nec
1255 811 1310 850 ad
1324 810 1525 852 homines
1543 812 1790 865 pertingere
1894 797 1898 850 l

245 896 386 935 neque
415 888 620 935 potentes
648 881 709 921 eis
738 879 1045 932 adesse,-quod
1078 886 1142 919 est
1177 879 1306 931 plane
1338 879 1521 929 falsum3
1556 881 1661 933 quia
1683 881 1787 921 scri·
1815 896 1859 919 ιο
1895 868 1898 907 3

247 958 375 1005 ptura
393 950 497 991 dicit
519 950 797 997 contrarium,
812 955 854 989 et
879 947 1110 1001 multiplex
1128 948 1320 997 historia,
1339 954 1381 988 et
1404 950 1707 1003 experiencia3
1742 953 1786 991 et

247 1027 311 1060 est
333 1027 484 1060 contra
502 1018 635 1059 fidem
659 1022 703 1058 et
725 1025 876 1059 contra
897 1017 1140 1057 veritatem.
1204 1016 1250 1057 Si
1273 1017 1575 1071 dicaturquod
1599 1019 1792 1060 existens

249 1091 291 1129 in
315 1089 360 1129 A
383 1094 546 1140 puncto
570 1088 612 1127 in
635 1088 729 1128 celo
753 1093 898 1140 potest
922 1086 990 1125 hic
1015 1087 1126 1126 inter
1154 1085 1158 1139 Ι
1187 1086 1385 1127 homines
1414 1088 1582 1139 operari
1616 1095 1794 1141 propter

248 1163 513 1210 potestatem
548 1170 754 1210 magnam
786 1157 969 1205 virtutis,
997 1157 1088 1196 sine
1127 1156 1373 1195 mutacione
1410 1155 1534 1196 locali
1555 1163 1796 1208 3—contra‚

249 1233 446 1280 potestas
479 1239 563 1266 non
598 1225 774 1266 excedit
796 1225 1047 1274 essenciam,
1070 1225 1170 1277 quia
1200 1230 1275 1265 aut
1298 1225 1490 1265 essencia
1516 1226 1703 1266 nobilior
1727 1234 1792 1268 est
1817 1236 1858 1269 ¹5

250 1295 465 1347 potencia,
493 1300 568 1335 aut
601 1294 792 1334 essencia
830 1301 1013 1347 equatur
1041 1294 1196 1335 saltem
1233 1283 1460 1346 potencie3
1491 1295 1603 1335 sicut
1639 1296 1796 1337 dicitur

252 1365 295 1404 in
318 1364 430 1405 libro
452 1362 501 1404 de
528 1362 691 1404 Causis.
756 1364 876 1417 Ergo
907 1364 980 1403 ubi
1008 1377 1085 1403 sua
1107 1364 1300 1403 essencia
1322 1376 1408 1404 non
1436 1371 1513 1411 est,
1541 1377 1628 1404 non
1647 1372 1796 1418 potest

253 1433 435 1486 operari,
454 1433 532 1472 nisi
554 1432 788 1485 loquamur
809 1433 863 1472 de
878 1433 1055 1473 accione
1073 1446 1148 1486 per
1174 1431 1588 1484 multiplicacionem
1610 1434 1796 1474 virtutis.
1897 1425 1898 1460 l

255 1502 333 1543 Set
362 1502 417 1542 de
439 1501 519 1542 hac
541 1515 628 1542 non
650 1501 842 1554 loquitur
872 1501 1026 1554 aliquis
1055 1501 1135 1550 hic,
1158 1515 1235 1541 nec
1259 1508 1408 1554 posset
1430 1500 1513 1542 hoc
1538 1509 1663 1552 stare,
1686 1503 1797 1544 sicut

253 1571 356 1611 alibi
378 1571 612 1624 probatum
636 1578 713 1612 est.

317 1640 441 1687 Item,
465 1639 610 1679 divina
638 1640 843 1692 potencia
873 1653 959 1679 non
984 1647 1188 1693 operatur
1217 1641 1296 1679 nisi
1324 1640 1396 1679 ubi
1424 1646 1488 1680 est
1521 1654 1698 1692 presens
1720 1657 1797 1683 sua

257 1708 475 1758 essencia;
508 1708 612 1761 quia
638 1709 747 1749 sicut
777 1710 979 1760 potencia
1011 1716 1075 1749 est
1109 1709 1278 1761 ubique,
1300 1709 1360 1748 sic
1391 1722 1467 1748 sua
1499 1711 1720 1761 essencia;
1753 1718 1796 1752 et

258 1777 356 1817 ideo
390 1777 529 1816 multo
563 1777 701 1830 magis
734 1776 931 1830 angelica
963 1777 1167 1829 potencia
1199 1790 1287 1817 non
1322 1777 1589 1829 operabitur,
1613 1780 1690 1819 nisi
1725 1781 1796 1820 ubi

256 1858 333 1885 sua
367 1846 560 1885 essencia
585 1859 761 1898 presens
803 1853 881 1886 est.
945 1845 1072 1895 Item,
1102 1845 1340 1886 secundum
1380 1844 1510 1886 fidem
1539 1846 1718 1888 ecclesie
1755 1857 1797 1889 et

257 1914 479 1966 scripture,
512 1921 555 1954 et
589 1915 706 1954 dicta
741 1921 1003 1962 sanctorum,
1038 1921 1080 1954 et
1125 1914 1365 1954 secundum
1407 1914 1608 1955 historias
1644 1924 1797 1968 certas,
1820 1931 1859 1963 ²5

259 1983 401 2036 angeli
435 1996 522 2024 non
555 1983 696 2023 solum
734 1983 834 2024 facti
869 1990 968 2024 sunt
1004 1990 1226 2036 presentes
1269 1983 1518 2024 hominibus
1553 1987 1794 2027 secundum

260 2065 403 2104 opera,
428 2052 503 2091 sed
527 2053 767 2092 secundum
792 2066 916 2093 suam
940 2052 1191 2097 essenciam,
1214 2058 1257 2093 et
1278 2053 1586 2102 substanciam,
1610 2060 1652 2094 et
1670 2061 1794 2095 natu-

262 2133 367 2160 ram.
431 2119 509 2160 Set
531 2121 615 2161 hoc
629 2134 723 2160 esse
745 2134 833 2160 non
858 2127 1001 2173 potest
1017 2121 1050 2160 si
1072 2120 1250 2173 angelus
1273 2121 1537 2161 determinat
1559 2122 1638 2162 sibi
1653 2122 1795 2163 locum

263 2188 523 2241 punctalem‚
566 2196 613 2229 ut
654 2190 889 2242 probatum
933 2194 1008 2229 est.
1090 2189 1219 2239 Item,
1261 2190 1407 2229 anima
1448 2189 1676 2230 racionalis
1730 2196 1796 2231 est

262 2270 437 2310 presens
470 2258 639 2310 corpori
673 2257 868 2298 humano
909 2258 1100 2307 viventi;
1133 2265 1174 2297 et
1207 2265 1272 2298 est
1315 2271 1491 2310 presens
1533 2272 1620 2299 non
1655 2259 1794 2300 solum
1818 2272 1860 2303 3³

263 2325 502 2365 secundum
522 2326 828 2377 operacionem
851 2333 917 2366 set
935 2327 1174 2366 secundum
1193 2326 1505 2376 substanciam,
1527 2333 1575 2367 ut
1593 2333 1728 2380 patet,
1751 2334 1794 2368 et

1821 1592 1864 1614 29

309 2485 320 2504 1
347 2475 400 2504 All
422 2474 521 2505 MSS.
542 2474 622 2505 here
639 2475 726 2505 have
744 2485 762 2505 a
779 2485 859 2506 new
876 2475 982 2505 initial
999 2475 1057 2505 but
1076 2485 1118 2505 no
1136 2475 1276 2514 chapter
1293 2476 1446 2514 heading.

309 2618 325 2643 4
351 2606 530 2646 sequetur]
548 2608 700 2645 sequitur
715 2607 777 2636 FB
930 2618 970 2637 10
994 2606 1176 2647 scriptura]
1196 2608 1346 2647 sequitur
1363 2619 1381 2638 a
1398 2609 1431 2637 D
1580 2610 1620 2639 16
1642 2610 1796 2640 essencia

263 2662 405 2696 equatur
421 2658 539 2688 saltem
556 2658 730 2698 potencia]
749 2659 778 2688 ei
795 2664 983 2697 coequatur
999 2658 1031 2687 F
1099 2658 1259 2699 equatur]
1278 2664 1438 2699 sequatur
1454 2660 1487 2689 D
1600 2670 1639 2699 19
1664 2660 1795 2700 posset]

262 2709 368 2747 possit
400 2709 432 2738 F
640 2719 680 2748 25
706 2709 796 2739 dicta
826 2709 1034 2750 sanctorum]
1071 2713 1207 2740 sanctos
1237 2710 1270 2739 F
1435 2711 1559 2752 certas]
1593 2716 1728 2742 sanctas
1759 2710 1800 2741 M

263 2762 303 2789 28
329 2760 546 2800 determinat]
563 2761 802 2792 determinaret
820 2761 852 2791 F
