<?xml version="1.0" encoding="UTF-8"?>
<!DOCTYPE html PUBLIC "-//W3C//DTD XHTML 1.0 Transitional//EN"
    "http://www.w3.org/TR/xhtml1/DTD/xhtml1-transitional.dtd">
<html xmlns="http://www.w3.org/1999/xhtml" xml:lang="en" lang="en">
 <head>
  <title>
</title>
<meta http-equiv="Content-Type" content="text/html;charset=utf-8" />
  <meta name='ocr-system' content='tesseract 3.04.00' />
  <meta name='ocr-capabilities' content='ocr_page ocr_carea ocr_par ocr_line ocrx_word'/>
</head>
<body>
  <div class='ocr_page' id='page_1' title='image "./operahactenusine03baco_0141.png"; bbox 0 0 1898 3126; ppageno 0'>
   <div class='ocr_carea' id='block_1_1' title="bbox 828 154 910 207">
    <p class='ocr_par' dir='ltr' id='par_1_1' title="bbox 828 154 910 207">
     <span class='ocr_line' id='line_1_1' title="bbox 828 154 910 207; baseline -0.012 -13"><span class='ocrx_word' id='word_1_1' title='bbox 828 154 910 207; x_wconf 88' lang='lat'><strong>265</strong></span> 
     </span>
    </p>
   </div>
   <div class='ocr_carea' id='block_1_2' title="bbox 49 266 1649 2644">
    <p class='ocr_par' dir='ltr' id='par_1_2' title="bbox 49 266 1649 2644">
     <span class='ocr_line' id='line_1_2' title="bbox 104 266 1634 319; baseline -0.001 -11"><span class='ocrx_word' id='word_1_2' title='bbox 104 274 286 309; x_wconf 88' lang='lat' dir='ltr'><strong>motum.</strong></span> <span class='ocrx_word' id='word_1_3' title='bbox 350 267 524 308; x_wconf 81' lang='lat' dir='ltr'><strong>Deinde</strong></span> <span class='ocrx_word' id='word_1_4' title='bbox 544 273 797 319; x_wconf 81' lang='lat' dir='ltr'><strong>sequeretur</strong></span> <span class='ocrx_word' id='word_1_5' title='bbox 818 267 937 319; x_wconf 89' lang='lat' dir='ltr'><strong>quod</strong></span> <span class='ocrx_word' id='word_1_6' title='bbox 954 267 1180 319; x_wconf 90' lang='lat' dir='ltr'><strong>corrupcio</strong></span> <span class='ocrx_word' id='word_1_7' title='bbox 1202 266 1351 307; x_wconf 86' lang='lat' dir='ltr'><strong>totalis</strong></span> <span class='ocrx_word' id='word_1_8' title='bbox 1373 274 1417 307; x_wconf 93' lang='lat' dir='ltr'><strong>et</strong></span> <span class='ocrx_word' id='word_1_9' title='bbox 1439 267 1634 308; x_wconf 89' lang='lat' dir='ltr'><strong>omnium</strong></span> 
     </span>
     <span class='ocr_line' id='line_1_3' title="bbox 104 333 1635 390; baseline 0 -14"><span class='ocrx_word' id='word_1_10' title='bbox 104 336 298 390; x_wconf 89' lang='lat' dir='ltr'><strong>parcium</strong></span> <span class='ocrx_word' id='word_1_11' title='bbox 320 335 493 377; x_wconf 87' lang='lat' dir='ltr'><strong>termini</strong></span> <span class='ocrx_word' id='word_1_12' title='bbox 514 348 539 376; x_wconf 88' lang='lat' dir='ltr'><strong>a</strong></span> <span class='ocrx_word' id='word_1_13' title='bbox 561 348 650 387; x_wconf 89' lang='lat' dir='ltr'><strong>quo</strong></span> <span class='ocrx_word' id='word_1_14' title='bbox 673 333 792 375; x_wconf 87' lang='lat' dir='ltr'><strong>fieret</strong></span> <span class='ocrx_word' id='word_1_15' title='bbox 814 340 916 375; x_wconf 85' lang='lat' dir='ltr'><strong>ante</strong></span> <span class='ocrx_word' id='word_1_16' title='bbox 938 335 1271 387; x_wconf 83' lang='lat' dir='ltr'><strong>generacionem</strong></span> <span class='ocrx_word' id='word_1_17' title='bbox 1292 334 1476 388; x_wconf 89' lang='lat' dir='ltr'><strong>alicujus</strong></span> <span class='ocrx_word' id='word_1_18' title='bbox 1499 336 1635 389; x_wconf 88' lang='lat' dir='ltr'><strong>partis</strong></span> 
     </span>
     <span class='ocr_line' id='line_1_4' title="bbox 105 403 1636 456; baseline 0 -12"><span class='ocrx_word' id='word_1_19' title='bbox 105 404 277 445; x_wconf 88' lang='lat' dir='ltr'><strong>termini</strong></span> <span class='ocrx_word' id='word_1_20' title='bbox 309 405 364 444; x_wconf 85' lang='lat' dir='ltr'><strong>ad</strong></span> <span class='ocrx_word' id='word_1_21' title='bbox 395 416 538 456; x_wconf 90' lang='lat' dir='ltr'><strong>quem,</strong></span> <span class='ocrx_word' id='word_1_22' title='bbox 572 409 614 442; x_wconf 91' lang='lat' dir='ltr'><strong>et</strong></span> <span class='ocrx_word' id='word_1_23' title='bbox 649 403 746 443; x_wconf 89' lang='lat' dir='ltr'><strong>ideo</strong></span> <span class='ocrx_word' id='word_1_24' title='bbox 778 409 890 444; x_wconf 86' lang='lat' dir='ltr'><strong>esset</strong></span> <span class='ocrx_word' id='word_1_25' title='bbox 924 403 1086 443; x_wconf 89' lang='lat' dir='ltr'><strong>mobile</strong></span> <span class='ocrx_word' id='word_1_26' title='bbox 1117 403 1211 443; x_wconf 92' lang='lat' dir='ltr'><strong>sine</strong></span> <span class='ocrx_word' id='word_1_27' title='bbox 1243 409 1429 456; x_wconf 90' lang='lat' dir='ltr'><strong>utroque</strong></span> <span class='ocrx_word' id='word_1_28' title='bbox 1462 411 1636 444; x_wconf 90' lang='lat' dir='ltr'><strong>contra-</strong></span> 
     </span>
     <span class='ocr_line' id='line_1_5' title="bbox 103 470 1638 526; baseline -0.001 -13"><span class='ocrx_word' id='word_1_29' title='bbox 103 473 276 521; x_wconf 89' lang='lat' dir='ltr'><strong>riorum,</strong></span> <span class='ocrx_word' id='word_1_30' title='bbox 299 472 418 524; x_wconf 91' lang='lat' dir='ltr'><strong>quod</strong></span> <span class='ocrx_word' id='word_1_31' title='bbox 441 484 536 512; x_wconf 86' lang='lat' dir='ltr'><strong>esse</strong></span> <span class='ocrx_word' id='word_1_32' title='bbox 558 484 645 511; x_wconf 94' lang='lat' dir='ltr'><strong>non</strong></span> <span class='ocrx_word' id='word_1_33' title='bbox 671 477 830 524; x_wconf 92' lang='lat' dir='ltr'><strong>potest.</strong></span> <span class='ocrx_word' id='word_1_34' title='bbox 906 470 954 512; x_wconf 86' lang='lat' dir='ltr'><strong>Si</strong></span> <span class='ocrx_word' id='word_1_35' title='bbox 976 485 1081 512; x_wconf 92' lang='lat' dir='ltr'><strong>vero</strong></span> <span class='ocrx_word' id='word_1_36' title='bbox 1103 471 1221 512; x_wconf 83' lang='lat' dir='ltr'><strong>dicat</strong></span> <span class='ocrx_word' id='word_1_37' title='bbox 1245 472 1325 513; x_wconf 91' lang='lat' dir='ltr'><strong>hec</strong></span> <span class='ocrx_word' id='word_1_38' title='bbox 1347 472 1528 526; x_wconf 88' lang='lat' dir='ltr'><strong>posicio,</strong></span> <span class='ocrx_word' id='word_1_39' title='bbox 1550 473 1638 513; x_wconf 93' lang='lat' dir='ltr'><strong>duo</strong></span> 
     </span>
     <span class='ocr_line' id='line_1_6' title="bbox 67 539 1635 593; baseline -0.002 -11"><span class='ocrx_word' id='word_1_40' title='bbox 67 562 83 592; x_wconf 82' lang='lat'>5</span> <span class='ocrx_word' id='word_1_41' title='bbox 101 549 305 593; x_wconf 83' lang='lat' dir='ltr'><strong>tempora</strong></span> <span class='ocrx_word' id='word_1_42' title='bbox 335 539 464 580; x_wconf 92' lang='lat' dir='ltr'><strong>simul</strong></span> <span class='ocrx_word' id='word_1_43' title='bbox 496 553 679 591; x_wconf 86' lang='lat' dir='ltr'><strong>currere,</strong></span> <span class='ocrx_word' id='word_1_44' title='bbox 701 540 875 588; x_wconf 88' lang='lat' dir='ltr'><strong>scilicet,</strong></span> <span class='ocrx_word' id='word_1_45' title='bbox 904 546 1078 593; x_wconf 88' lang='lat' dir='ltr'><strong>tempus</strong></span> <span class='ocrx_word' id='word_1_46' title='bbox 1113 553 1370 581; x_wconf 83' lang='lat' dir='ltr'><strong>mensurans</strong></span> <span class='ocrx_word' id='word_1_47' title='bbox 1401 541 1635 581; x_wconf 90' lang='lat' dir='ltr'><strong>terminum</strong></span> 
     </span>
     <span class='ocr_line' id='line_1_7' title="bbox 104 608 1640 662; baseline -0.001 -12"><span class='ocrx_word' id='word_1_48' title='bbox 104 623 128 650; x_wconf 84' lang='lat' dir='ltr'><strong>a</strong></span> <span class='ocrx_word' id='word_1_49' title='bbox 164 621 252 661; x_wconf 91' lang='lat' dir='ltr'><strong>quo</strong></span> <span class='ocrx_word' id='word_1_50' title='bbox 283 614 327 649; x_wconf 87' lang='lat' dir='ltr'><strong>et</strong></span> <span class='ocrx_word' id='word_1_51' title='bbox 362 615 539 661; x_wconf 89' lang='lat' dir='ltr'><strong>tempus</strong></span> <span class='ocrx_word' id='word_1_52' title='bbox 576 622 829 649; x_wconf 84' lang='lat' dir='ltr'><strong>mensurans</strong></span> <span class='ocrx_word' id='word_1_53' title='bbox 865 608 1102 649; x_wconf 91' lang='lat' dir='ltr'><strong>terminum</strong></span> <span class='ocrx_word' id='word_1_54' title='bbox 1144 609 1200 649; x_wconf 90' lang='lat' dir='ltr'><strong>ad</strong></span> <span class='ocrx_word' id='word_1_55' title='bbox 1236 622 1381 661; x_wconf 90' lang='lat' dir='ltr'><strong>quem,</strong></span> <span class='ocrx_word' id='word_1_56' title='bbox 1414 622 1500 662; x_wconf 90' lang='lat' dir='ltr'><strong>que</strong></span> <span class='ocrx_word' id='word_1_57' title='bbox 1537 615 1640 649; x_wconf 91' lang='lat' dir='ltr'><strong>sunt</strong></span> 
     </span>
     <span class='ocr_line' id='line_1_8' title="bbox 105 676 1638 729; baseline -0.001 -11"><span class='ocrx_word' id='word_1_58' title='bbox 105 678 272 718; x_wconf 86' lang='lat' dir='ltr'><strong>diversa</strong></span> <span class='ocrx_word' id='word_1_59' title='bbox 293 683 337 717; x_wconf 91' lang='lat' dir='ltr'><strong>et</strong></span> <span class='ocrx_word' id='word_1_60' title='bbox 359 677 458 717; x_wconf 91' lang='lat' dir='ltr'><strong>ideo</strong></span> <span class='ocrx_word' id='word_1_61' title='bbox 479 676 693 717; x_wconf 85' lang='lat' dir='ltr'><strong>habencia</strong></span> <span class='ocrx_word' id='word_1_62' title='bbox 715 677 882 718; x_wconf 81' lang='lat' dir='ltr'><strong>diversa</strong></span> <span class='ocrx_word' id='word_1_63' title='bbox 904 677 1116 718; x_wconf 80' lang='lat' dir='ltr'><strong>instancia</strong></span> <span class='ocrx_word' id='word_1_64' title='bbox 1145 678 1188 717; x_wconf 90' lang='lat' dir='ltr'><strong>in</strong></span> <span class='ocrx_word' id='word_1_65' title='bbox 1213 677 1372 718; x_wconf 89' lang='lat' dir='ltr'><strong>finibus</strong></span> <span class='ocrx_word' id='word_1_66' title='bbox 1395 691 1561 729; x_wconf 88' lang='lat' dir='ltr'><strong>eorum,</strong></span> <span class='ocrx_word' id='word_1_67' title='bbox 1584 677 1638 717; x_wconf 88' lang='lat' dir='ltr'><strong>sit</strong></span> 
     </span>
     <span class='ocr_line' id='line_1_9' title="bbox 106 745 1640 798; baseline 0.001 -13"><span class='ocrx_word' id='word_1_68' title='bbox 106 746 149 785; x_wconf 89' lang='lat' dir='ltr'><strong>A</strong></span> <span class='ocrx_word' id='word_1_69' title='bbox 173 751 349 798; x_wconf 86' lang='lat' dir='ltr'><strong>tempus</strong></span> <span class='ocrx_word' id='word_1_70' title='bbox 367 758 621 785; x_wconf 81' lang='lat' dir='ltr'><strong>mensurans</strong></span> <span class='ocrx_word' id='word_1_71' title='bbox 638 759 732 786; x_wconf 87' lang='lat' dir='ltr'><strong>esse</strong></span> <span class='ocrx_word' id='word_1_72' title='bbox 754 746 926 786; x_wconf 85' lang='lat' dir='ltr'><strong>termini</strong></span> <span class='ocrx_word' id='word_1_73' title='bbox 949 759 973 786; x_wconf 88' lang='lat' dir='ltr'><strong>a</strong></span> <span class='ocrx_word' id='word_1_74' title='bbox 995 759 1098 798; x_wconf 90' lang='lat' dir='ltr'><strong>quo,</strong></span> <span class='ocrx_word' id='word_1_75' title='bbox 1117 751 1160 786; x_wconf 88' lang='lat' dir='ltr'><strong>et</strong></span> <span class='ocrx_word' id='word_1_76' title='bbox 1181 745 1215 786; x_wconf 90' lang='lat' dir='ltr'>C</span> <span class='ocrx_word' id='word_1_77' title='bbox 1229 745 1322 798; x_wconf 90' lang='lat' dir='ltr'><strong>ejus</strong></span> <span class='ocrx_word' id='word_1_78' title='bbox 1340 745 1449 795; x_wconf 87' lang='lat' dir='ltr'><strong>finis,</strong></span> <span class='ocrx_word' id='word_1_79' title='bbox 1468 745 1503 785; x_wconf 92' lang='lat' dir='ltr'>B</span> <span class='ocrx_word' id='word_1_80' title='bbox 1520 758 1640 786; x_wconf 89' lang='lat' dir='ltr'><strong>men-</strong></span> 
     </span>
     <span class='ocr_line' id='line_1_10' title="bbox 106 813 1641 867; baseline -0.001 -13"><span class='ocrx_word' id='word_1_81' title='bbox 106 827 257 855; x_wconf 88' lang='lat' dir='ltr'><strong>surans</strong></span> <span class='ocrx_word' id='word_1_82' title='bbox 279 814 514 854; x_wconf 90' lang='lat' dir='ltr'><strong>terminum</strong></span> <span class='ocrx_word' id='word_1_83' title='bbox 538 815 594 854; x_wconf 90' lang='lat' dir='ltr'><strong>ad</strong></span> <span class='ocrx_word' id='word_1_84' title='bbox 616 827 762 866; x_wconf 85' lang='lat' dir='ltr'><strong>quem,</strong></span> <span class='ocrx_word' id='word_1_85' title='bbox 788 820 831 854; x_wconf 92' lang='lat' dir='ltr'><strong>et</strong></span> <span class='ocrx_word' id='word_1_86' title='bbox 857 813 895 854; x_wconf 92' lang='lat' dir='ltr'>D</span> <span class='ocrx_word' id='word_1_87' title='bbox 920 814 1013 867; x_wconf 90' lang='lat' dir='ltr'><strong>ejus</strong></span> <span class='ocrx_word' id='word_1_88' title='bbox 1031 814 1128 854; x_wconf 89' lang='lat' dir='ltr'><strong>finis</strong></span> <span class='ocrx_word' id='word_1_89' title='bbox 1149 829 1157 862; x_wconf 82' lang='lat'>3</span> <span class='ocrx_word' id='word_1_90' title='bbox 1189 821 1294 854; x_wconf 90' lang='lat' dir='ltr'><strong>tunc</strong></span> <span class='ocrx_word' id='word_1_91' title='bbox 1324 814 1358 853; x_wconf 90' lang='lat' dir='ltr'><strong>si</strong></span> <span class='ocrx_word' id='word_1_92' title='bbox 1382 814 1594 855; x_wconf 87' lang='lat' dir='ltr'><strong>terminus</strong></span> <span class='ocrx_word' id='word_1_93' title='bbox 1617 827 1641 853; x_wconf 86' lang='lat' dir='ltr'><strong>a</strong></span> 
     </span>
     <span class='ocr_line' id='line_1_11' title="bbox 49 881 1641 936; baseline -0.001 -13"><span class='ocrx_word' id='word_1_94' title='bbox 49 903 87 924; x_wconf 70' lang='grc' dir='ltr'><strong>ιο</strong></span> <span class='ocrx_word' id='word_1_95' title='bbox 106 896 194 936; x_wconf 93' lang='lat' dir='ltr'><strong>quo</strong></span> <span class='ocrx_word' id='word_1_96' title='bbox 227 888 292 922; x_wconf 90' lang='lat' dir='ltr'><strong>est</strong></span> <span class='ocrx_word' id='word_1_97' title='bbox 325 882 367 921; x_wconf 94' lang='lat' dir='ltr'><strong>in</strong></span> <span class='ocrx_word' id='word_1_98' title='bbox 401 882 577 922; x_wconf 87' lang='lat' dir='ltr'><strong>instanti</strong></span> <span class='ocrx_word' id='word_1_99' title='bbox 602 881 650 930; x_wconf 87' lang='lat' dir='ltr'><strong>C,</strong></span> <span class='ocrx_word' id='word_1_100' title='bbox 679 888 930 934; x_wconf 86' lang='lat' dir='ltr'><strong>sequeretur</strong></span> <span class='ocrx_word' id='word_1_101' title='bbox 953 883 1141 935; x_wconf 90' lang='lat' dir='ltr'><strong>primum</strong></span> <span class='ocrx_word' id='word_1_102' title='bbox 1165 882 1474 923; x_wconf 87' lang='lat' dir='ltr'><strong>inconveniens</strong></span> <span class='ocrx_word' id='word_1_103' title='bbox 1502 882 1641 936; x_wconf 90' lang='lat' dir='ltr'><strong>predi-</strong></span> 
     </span>
     <span class='ocr_line' id='line_1_12' title="bbox 108 949 1641 1005; baseline -0.001 -13"><span class='ocrx_word' id='word_1_104' title='bbox 108 958 240 1001; x_wconf 90' lang='lat' dir='ltr'><strong>ctum,</strong></span> <span class='ocrx_word' id='word_1_105' title='bbox 262 950 437 1000; x_wconf 88' lang='lat' dir='ltr'><strong>scilicet,</strong></span> <span class='ocrx_word' id='word_1_106' title='bbox 458 951 576 1003; x_wconf 91' lang='lat' dir='ltr'><strong>quod</strong></span> <span class='ocrx_word' id='word_1_107' title='bbox 599 957 674 991; x_wconf 86' lang='lat' dir='ltr'><strong>aut</strong></span> <span class='ocrx_word' id='word_1_108' title='bbox 704 949 709 1005; x_wconf 85' lang='grc' dir='ltr'>Ι</span> <span class='ocrx_word' id='word_1_109' title='bbox 736 963 961 1003; x_wconf 86' lang='lat' dir='ltr'><strong>nunquam</strong></span> <span class='ocrx_word' id='word_1_110' title='bbox 977 951 1284 991; x_wconf 82' lang='lat' dir='ltr'><strong>terminabitur</strong></span> <span class='ocrx_word' id='word_1_111' title='bbox 1307 951 1544 1005; x_wconf 92' lang='lat' dir='ltr'><strong>corrupcio,</strong></span> <span class='ocrx_word' id='word_1_112' title='bbox 1566 957 1641 991; x_wconf 91' lang='lat' dir='ltr'><strong>aut</strong></span> 
     </span>
     <span class='ocr_line' id='line_1_13' title="bbox 108 1018 1641 1073; baseline -0.001 -13"><span class='ocrx_word' id='word_1_113' title='bbox 108 1020 163 1060; x_wconf 91' lang='lat' dir='ltr'><strong>ad</strong></span> <span class='ocrx_word' id='word_1_114' title='bbox 186 1032 280 1060; x_wconf 86' lang='lat' dir='ltr'><strong>esse</strong></span> <span class='ocrx_word' id='word_1_115' title='bbox 307 1018 624 1066; x_wconf 83' lang='lat' dir='ltr'><strong>terminabitur,</strong></span> <span class='ocrx_word' id='word_1_116' title='bbox 646 1032 833 1071; x_wconf 90' lang='lat' dir='ltr'><strong>quorum</strong></span> <span class='ocrx_word' id='word_1_117' title='bbox 865 1026 1068 1059; x_wconf 91' lang='lat' dir='ltr'><strong>neutrum</strong></span> <span class='ocrx_word' id='word_1_118' title='bbox 1098 1026 1215 1060; x_wconf 89' lang='lat' dir='ltr'><strong>stare</strong></span> <span class='ocrx_word' id='word_1_119' title='bbox 1241 1026 1399 1073; x_wconf 87' lang='lat' dir='ltr'><strong>potest.</strong></span> <span class='ocrx_word' id='word_1_120' title='bbox 1464 1018 1579 1073; x_wconf 80' lang='lat' dir='ltr'><strong>Quia</strong></span> <span class='ocrx_word' id='word_1_121' title='bbox 1607 1019 1641 1059; x_wconf 93' lang='lat' dir='ltr'><strong>si</strong></span> 
     </span>
     <span class='ocr_line' id='line_1_14' title="bbox 107 1086 1643 1142; baseline -0.001 -14"><span class='ocrx_word' id='word_1_122' title='bbox 107 1089 149 1128; x_wconf 91' lang='lat' dir='ltr'><strong>in</strong></span> <span class='ocrx_word' id='word_1_123' title='bbox 173 1086 207 1128; x_wconf 94' lang='lat' dir='ltr'><strong>C</strong></span> <span class='ocrx_word' id='word_1_124' title='bbox 231 1086 286 1128; x_wconf 91' lang='lat' dir='ltr'><strong>sit</strong></span> <span class='ocrx_word' id='word_1_125' title='bbox 312 1087 456 1128; x_wconf 89' lang='lat' dir='ltr'><strong>adhuc</strong></span> <span class='ocrx_word' id='word_1_126' title='bbox 477 1087 688 1128; x_wconf 91' lang='lat' dir='ltr'><strong>terminus</strong></span> <span class='ocrx_word' id='word_1_127' title='bbox 714 1101 739 1128; x_wconf 86' lang='lat' dir='ltr'><strong>a</strong></span> <span class='ocrx_word' id='word_1_128' title='bbox 770 1101 860 1140; x_wconf 91' lang='lat' dir='ltr'><strong>quo</strong></span> <span class='ocrx_word' id='word_1_129' title='bbox 887 1094 929 1128; x_wconf 93' lang='lat' dir='ltr'><strong>et</strong></span> <span class='ocrx_word' id='word_1_130' title='bbox 960 1100 1045 1127; x_wconf 92' lang='lat' dir='ltr'><strong>non</strong></span> <span class='ocrx_word' id='word_1_131' title='bbox 1068 1093 1213 1140; x_wconf 89' lang='lat' dir='ltr'><strong>potest</strong></span> <span class='ocrx_word' id='word_1_132' title='bbox 1243 1088 1401 1142; x_wconf 87' lang='lat' dir='ltr'><strong>requiri</strong></span> <span class='ocrx_word' id='word_1_133' title='bbox 1426 1087 1521 1128; x_wconf 89' lang='lat' dir='ltr'><strong>finis</strong></span> <span class='ocrx_word' id='word_1_134' title='bbox 1551 1100 1643 1127; x_wconf 91' lang='lat' dir='ltr'><strong>cor-</strong></span> 
     </span>
     <span class='ocr_line' id='line_1_15' title="bbox 109 1155 1644 1209; baseline -0.001 -13"><span class='ocrx_word' id='word_1_135' title='bbox 109 1156 330 1209; x_wconf 88' lang='lat' dir='ltr'><strong>rupcionis</strong></span> <span class='ocrx_word' id='word_1_136' title='bbox 353 1156 394 1195; x_wconf 92' lang='lat' dir='ltr'><strong>in</strong></span> <span class='ocrx_word' id='word_1_137' title='bbox 417 1155 501 1196; x_wconf 89' lang='lat' dir='ltr'><strong>alio</strong></span> <span class='ocrx_word' id='word_1_138' title='bbox 524 1155 703 1197; x_wconf 85' lang='lat' dir='ltr'><strong>instanti</strong></span> <span class='ocrx_word' id='word_1_139' title='bbox 727 1155 795 1197; x_wconf 93' lang='lat' dir='ltr'><strong>vel</strong></span> <span class='ocrx_word' id='word_1_140' title='bbox 818 1162 1018 1208; x_wconf 87' lang='lat' dir='ltr'><strong>tempore</strong></span> <span class='ocrx_word' id='word_1_141' title='bbox 1040 1162 1166 1197; x_wconf 84' lang='lat' dir='ltr'><strong>extra</strong></span> <span class='ocrx_word' id='word_1_142' title='bbox 1190 1155 1248 1205; x_wconf 83' lang='lat' dir='ltr'><strong>A,</strong></span> <span class='ocrx_word' id='word_1_143' title='bbox 1274 1156 1555 1197; x_wconf 89' lang='lat' dir='ltr'><strong>manifestum</strong></span> <span class='ocrx_word' id='word_1_144' title='bbox 1580 1164 1644 1197; x_wconf 89' lang='lat' dir='ltr'><strong>est</strong></span> 
     </span>
     <span class='ocr_line' id='line_1_16' title="bbox 53 1224 1642 1278; baseline -0.001 -13"><span class='ocrx_word' id='word_1_145' title='bbox 53 1243 87 1273; x_wconf 74' lang='lat'><strong>15</strong></span> <span class='ocrx_word' id='word_1_146' title='bbox 110 1225 227 1278; x_wconf 91' lang='lat' dir='ltr'><strong>quod</strong></span> <span class='ocrx_word' id='word_1_147' title='bbox 246 1224 472 1278; x_wconf 90' lang='lat' dir='ltr'><strong>corrupcio</strong></span> <span class='ocrx_word' id='word_1_148' title='bbox 494 1225 667 1265; x_wconf 90' lang='lat' dir='ltr'><strong>termini</strong></span> <span class='ocrx_word' id='word_1_149' title='bbox 690 1239 715 1266; x_wconf 86' lang='lat' dir='ltr'><strong>a</strong></span> <span class='ocrx_word' id='word_1_150' title='bbox 736 1238 825 1278; x_wconf 89' lang='lat' dir='ltr'><strong>quo</strong></span> <span class='ocrx_word' id='word_1_151' title='bbox 854 1224 1096 1265; x_wconf 84' lang='lat' dir='ltr'><strong>successiva</strong></span> <span class='ocrx_word' id='word_1_152' title='bbox 1118 1237 1205 1265; x_wconf 92' lang='lat' dir='ltr'><strong>non</strong></span> <span class='ocrx_word' id='word_1_153' title='bbox 1234 1225 1539 1266; x_wconf 83' lang='lat' dir='ltr'><strong>terminabitur</strong></span> <span class='ocrx_word' id='word_1_154' title='bbox 1562 1225 1642 1266; x_wconf 87' lang='lat' dir='ltr'><strong>nisi</strong></span> 
     </span>
     <span class='ocr_line' id='line_1_17' title="bbox 110 1293 1643 1347; baseline -0.001 -13"><span class='ocrx_word' id='word_1_155' title='bbox 110 1294 164 1334; x_wconf 88' lang='lat' dir='ltr'><strong>ad</strong></span> <span class='ocrx_word' id='word_1_156' title='bbox 189 1306 282 1334; x_wconf 91' lang='lat' dir='ltr'><strong>esse</strong></span> <span class='ocrx_word' id='word_1_157' title='bbox 304 1293 506 1333; x_wconf 89' lang='lat' dir='ltr'><strong>ultimum</strong></span> <span class='ocrx_word' id='word_1_158' title='bbox 529 1293 726 1347; x_wconf 91' lang='lat' dir='ltr'><strong>ejusdem</strong></span> <span class='ocrx_word' id='word_1_159' title='bbox 748 1293 937 1343; x_wconf 90' lang='lat' dir='ltr'><strong>termini,</strong></span> <span class='ocrx_word' id='word_1_160' title='bbox 955 1294 1074 1346; x_wconf 87' lang='lat' dir='ltr'><strong>quod</strong></span> <span class='ocrx_word' id='word_1_161' title='bbox 1098 1293 1257 1334; x_wconf 86' lang='lat' dir='ltr'><strong>dicitur</strong></span> <span class='ocrx_word' id='word_1_162' title='bbox 1273 1307 1366 1334; x_wconf 91' lang='lat' dir='ltr'><strong>esse</strong></span> <span class='ocrx_word' id='word_1_163' title='bbox 1385 1294 1426 1334; x_wconf 94' lang='lat' dir='ltr'><strong>in</strong></span> <span class='ocrx_word' id='word_1_164' title='bbox 1451 1294 1643 1334; x_wconf 85' lang='lat' dir='ltr'><strong>instanti.</strong></span> 
     </span>
     <span class='ocr_line' id='line_1_18' title="bbox 111 1361 1647 1416; baseline -0.001 -14"><span class='ocrx_word' id='word_1_165' title='bbox 111 1361 245 1416; x_wconf 82' lang='lat' dir='ltr'><strong>Quod</strong></span> <span class='ocrx_word' id='word_1_166' title='bbox 268 1368 415 1402; x_wconf 89' lang='lat' dir='ltr'><strong>autem</strong></span> <span class='ocrx_word' id='word_1_167' title='bbox 436 1362 492 1402; x_wconf 87' lang='lat' dir='ltr'><strong>ad</strong></span> <span class='ocrx_word' id='word_1_168' title='bbox 517 1361 684 1402; x_wconf 90' lang='lat' dir='ltr'><strong>nullum</strong></span> <span class='ocrx_word' id='word_1_169' title='bbox 708 1361 824 1402; x_wconf 87' lang='lat' dir='ltr'><strong>aliud</strong></span> <span class='ocrx_word' id='word_1_170' title='bbox 841 1362 1007 1402; x_wconf 85' lang='lat' dir='ltr'><strong>instans</strong></span> <span class='ocrx_word' id='word_1_171' title='bbox 1022 1362 1140 1414; x_wconf 91' lang='lat' dir='ltr'><strong>quod</strong></span> <span class='ocrx_word' id='word_1_172' title='bbox 1164 1362 1218 1402; x_wconf 89' lang='lat' dir='ltr'><strong>sit</strong></span> <span class='ocrx_word' id='word_1_173' title='bbox 1236 1362 1415 1403; x_wconf 81' lang='lat' dir='ltr'><strong>alterius</strong></span> <span class='ocrx_word' id='word_1_174' title='bbox 1433 1363 1647 1415; x_wconf 86' lang='lat' dir='ltr'><strong>temporis</strong></span> 
     </span>
     <span class='ocr_line' id='line_1_19' title="bbox 111 1429 1644 1485; baseline -0.001 -14"><span class='ocrx_word' id='word_1_175' title='bbox 111 1436 258 1485; x_wconf 90' lang='lat' dir='ltr'><strong>potest</strong></span> <span class='ocrx_word' id='word_1_176' title='bbox 289 1431 513 1482; x_wconf 90' lang='lat' dir='ltr'><strong>corrupcio</strong></span> <span class='ocrx_word' id='word_1_177' title='bbox 545 1430 777 1479; x_wconf 86' lang='lat' dir='ltr'><strong>terminari,</strong></span> <span class='ocrx_word' id='word_1_178' title='bbox 810 1429 1092 1470; x_wconf 87' lang='lat' dir='ltr'><strong>manifestum</strong></span> <span class='ocrx_word' id='word_1_179' title='bbox 1125 1437 1204 1480; x_wconf 91' lang='lat' dir='ltr'><strong>est,</strong></span> <span class='ocrx_word' id='word_1_180' title='bbox 1233 1431 1343 1471; x_wconf 87' lang='lat' dir='ltr'><strong>sicut</strong></span> <span class='ocrx_word' id='word_1_181' title='bbox 1377 1431 1508 1484; x_wconf 86' lang='lat' dir='ltr'><strong>prius,</strong></span> <span class='ocrx_word' id='word_1_182' title='bbox 1543 1431 1644 1484; x_wconf 86' lang='lat' dir='ltr'><strong>quia</strong></span> 
     </span>
     <span class='ocr_line' id='line_1_20' title="bbox 112 1497 1643 1552; baseline -0.001 -13"><span class='ocrx_word' id='word_1_183' title='bbox 112 1499 207 1540; x_wconf 89' lang='lat' dir='ltr'><strong>finis</strong></span> <span class='ocrx_word' id='word_1_184' title='bbox 239 1498 535 1552; x_wconf 90' lang='lat' dir='ltr'><strong>corrupcionis</strong></span> <span class='ocrx_word' id='word_1_185' title='bbox 565 1505 631 1539; x_wconf 91' lang='lat' dir='ltr'><strong>est</strong></span> <span class='ocrx_word' id='word_1_186' title='bbox 663 1499 703 1539; x_wconf 89' lang='lat' dir='ltr'><strong>ei</strong></span> <span class='ocrx_word' id='word_1_187' title='bbox 733 1499 884 1539; x_wconf 90' lang='lat' dir='ltr'><strong>unicus</strong></span> <span class='ocrx_word' id='word_1_188' title='bbox 916 1499 1027 1539; x_wconf 89' lang='lat' dir='ltr'><strong>sicut</strong></span> <span class='ocrx_word' id='word_1_189' title='bbox 1057 1497 1155 1539; x_wconf 92' lang='lat' dir='ltr'><strong>finis</strong></span> <span class='ocrx_word' id='word_1_190' title='bbox 1186 1500 1410 1552; x_wconf 86' lang='lat' dir='ltr'><strong>temporis,</strong></span> <span class='ocrx_word' id='word_1_191' title='bbox 1435 1499 1549 1540; x_wconf 89' lang='lat' dir='ltr'><strong>unde</strong></span> <span class='ocrx_word' id='word_1_192' title='bbox 1578 1506 1643 1540; x_wconf 92' lang='lat' dir='ltr'><strong>est</strong></span> 
     </span>
     <span class='ocr_line' id='line_1_21' title="bbox 54 1566 1645 1620; baseline -0.001 -11"><span class='ocrx_word' id='word_1_193' title='bbox 54 1584 92 1605; x_wconf 82' lang='lat'><strong>20</strong></span> <span class='ocrx_word' id='word_1_194' title='bbox 111 1567 324 1609; x_wconf 91' lang='lat' dir='ltr'><strong>terminus</strong></span> <span class='ocrx_word' id='word_1_195' title='bbox 362 1566 475 1607; x_wconf 85' lang='lat' dir='ltr'><strong>intra</strong></span> <span class='ocrx_word' id='word_1_196' title='bbox 515 1573 559 1607; x_wconf 88' lang='lat' dir='ltr'><strong>et</strong></span> <span class='ocrx_word' id='word_1_197' title='bbox 596 1580 683 1608; x_wconf 91' lang='lat' dir='ltr'><strong>non</strong></span> <span class='ocrx_word' id='word_1_198' title='bbox 721 1574 861 1608; x_wconf 87' lang='lat' dir='ltr'><strong>extra.</strong></span> <span class='ocrx_word' id='word_1_199' title='bbox 923 1566 1206 1620; x_wconf 80' lang='lat' dir='ltr'><strong>Quapropter</strong></span> <span class='ocrx_word' id='word_1_200' title='bbox 1246 1567 1280 1608; x_wconf 90' lang='lat' dir='ltr'><strong>si</strong></span> <span class='ocrx_word' id='word_1_201' title='bbox 1318 1574 1463 1609; x_wconf 91' lang='lat' dir='ltr'><strong>motus</strong></span> <span class='ocrx_word' id='word_1_202' title='bbox 1498 1581 1645 1609; x_wconf 88' lang='lat' dir='ltr'><strong>corru-</strong></span> 
     </span>
     <span class='ocr_line' id='line_1_22' title="bbox 112 1635 1644 1689; baseline -0.003 -11"><span class='ocrx_word' id='word_1_203' title='bbox 112 1636 279 1689; x_wconf 86' lang='lat' dir='ltr'><strong>pcionis</strong></span> <span class='ocrx_word' id='word_1_204' title='bbox 308 1642 374 1676; x_wconf 87' lang='lat' dir='ltr'><strong>est</strong></span> <span class='ocrx_word' id='word_1_205' title='bbox 396 1635 438 1675; x_wconf 94' lang='lat' dir='ltr'><strong>in</strong></span> <span class='ocrx_word' id='word_1_206' title='bbox 460 1642 670 1688; x_wconf 91' lang='lat' dir='ltr'><strong>tempore,</strong></span> <span class='ocrx_word' id='word_1_207' title='bbox 694 1635 792 1676; x_wconf 90' lang='lat' dir='ltr'><strong>finis</strong></span> <span class='ocrx_word' id='word_1_208' title='bbox 820 1636 1114 1689; x_wconf 84' lang='lat' dir='ltr'><strong>corrupcionis</strong></span> <span class='ocrx_word' id='word_1_209' title='bbox 1141 1642 1206 1677; x_wconf 87' lang='lat' dir='ltr'><strong>est</strong></span> <span class='ocrx_word' id='word_1_210' title='bbox 1231 1637 1272 1676; x_wconf 93' lang='lat' dir='ltr'><strong>in</strong></span> <span class='ocrx_word' id='word_1_211' title='bbox 1303 1635 1389 1677; x_wconf 92' lang='lat' dir='ltr'><strong>fine</strong></span> <span class='ocrx_word' id='word_1_212' title='bbox 1418 1637 1644 1689; x_wconf 83' lang='lat' dir='ltr'><strong>temporis.</strong></span> 
     </span>
     <span class='ocr_line' id='line_1_23' title="bbox 114 1704 1644 1757; baseline -0.001 -11"><span class='ocrx_word' id='word_1_213' title='bbox 114 1706 316 1746; x_wconf 89' lang='lat' dir='ltr'><strong>Preterea</strong></span> <span class='ocrx_word' id='word_1_214' title='bbox 337 1711 512 1757; x_wconf 87' lang='lat' dir='ltr'><strong>tempus</strong></span> <span class='ocrx_word' id='word_1_215' title='bbox 545 1717 729 1757; x_wconf 86' lang='lat' dir='ltr'><strong>sequens</strong></span> <span class='ocrx_word' id='word_1_216' title='bbox 763 1711 827 1745; x_wconf 87' lang='lat' dir='ltr'><strong>est</strong></span> <span class='ocrx_word' id='word_1_217' title='bbox 854 1711 1030 1756; x_wconf 88' lang='lat' dir='ltr'><strong>tempus</strong></span> <span class='ocrx_word' id='word_1_218' title='bbox 1063 1704 1105 1743; x_wconf 91' lang='lat' dir='ltr'><strong>in</strong></span> <span class='ocrx_word' id='word_1_219' title='bbox 1137 1717 1225 1757; x_wconf 92' lang='lat' dir='ltr'><strong>quo</strong></span> <span class='ocrx_word' id='word_1_220' title='bbox 1257 1717 1349 1745; x_wconf 92' lang='lat' dir='ltr'><strong>esse</strong></span> <span class='ocrx_word' id='word_1_221' title='bbox 1381 1705 1556 1745; x_wconf 89' lang='lat' dir='ltr'><strong>termini</strong></span> <span class='ocrx_word' id='word_1_222' title='bbox 1587 1705 1644 1744; x_wconf 88' lang='lat' dir='ltr'><strong>ad</strong></span> 
     </span>
     <span class='ocr_line' id='line_1_24' title="bbox 111 1773 1647 1828; baseline 0.001 -15"><span class='ocrx_word' id='word_1_223' title='bbox 111 1786 242 1826; x_wconf 91' lang='lat' dir='ltr'><strong>quem</strong></span> <span class='ocrx_word' id='word_1_224' title='bbox 265 1773 556 1823; x_wconf 88' lang='lat' dir='ltr'><strong>continuatur,</strong></span> <span class='ocrx_word' id='word_1_225' title='bbox 571 1779 613 1813; x_wconf 90' lang='lat' dir='ltr'><strong>et</strong></span> <span class='ocrx_word' id='word_1_226' title='bbox 637 1773 736 1814; x_wconf 89' lang='lat' dir='ltr'><strong>ideo</strong></span> <span class='ocrx_word' id='word_1_227' title='bbox 752 1773 1029 1813; x_wconf 89' lang='lat' dir='ltr'><strong>continuatur</strong></span> <span class='ocrx_word' id='word_1_228' title='bbox 1046 1773 1162 1813; x_wconf 91' lang='lat' dir='ltr'><strong>istud</strong></span> <span class='ocrx_word' id='word_1_229' title='bbox 1180 1779 1357 1826; x_wconf 91' lang='lat' dir='ltr'><strong>tempus</strong></span> <span class='ocrx_word' id='word_1_230' title='bbox 1380 1774 1571 1828; x_wconf 87' lang='lat' dir='ltr'><strong>tempori</strong></span> <span class='ocrx_word' id='word_1_231' title='bbox 1596 1774 1647 1822; x_wconf 82' lang='grc' dir='ltr'><strong>Β,</strong></span> 
     </span>
     <span class='ocr_line' id='line_1_25' title="bbox 113 1840 1648 1895; baseline 0 -14"><span class='ocrx_word' id='word_1_232' title='bbox 113 1843 155 1881; x_wconf 92' lang='lat' dir='ltr'><strong>in</strong></span> <span class='ocrx_word' id='word_1_233' title='bbox 192 1853 281 1894; x_wconf 92' lang='lat' dir='ltr'><strong>quo</strong></span> <span class='ocrx_word' id='word_1_234' title='bbox 311 1840 441 1881; x_wconf 88' lang='lat' dir='ltr'><strong>currit</strong></span> <span class='ocrx_word' id='word_1_235' title='bbox 474 1841 703 1894; x_wconf 87' lang='lat' dir='ltr'><strong>generacio</strong></span> <span class='ocrx_word' id='word_1_236' title='bbox 734 1841 868 1893; x_wconf 89' lang='lat' dir='ltr'><strong>ipsius</strong></span> <span class='ocrx_word' id='word_1_237' title='bbox 900 1841 1074 1881; x_wconf 89' lang='lat' dir='ltr'><strong>termini</strong></span> <span class='ocrx_word' id='word_1_238' title='bbox 1106 1841 1161 1880; x_wconf 85' lang='lat' dir='ltr'><strong>ad</strong></span> <span class='ocrx_word' id='word_1_239' title='bbox 1195 1853 1340 1893; x_wconf 87' lang='lat' dir='ltr'><strong>quem,</strong></span> <span class='ocrx_word' id='word_1_240' title='bbox 1374 1847 1648 1895; x_wconf 82' lang='lat' dir='ltr'><strong>quapropter</strong></span> 
     </span>
     <span class='ocr_line' id='line_1_26' title="bbox 55 1908 1645 1962; baseline 0.001 -12"><span class='ocrx_word' id='word_1_241' title='bbox 55 1925 91 1954; x_wconf 81' lang='lat'><strong>25</strong></span> <span class='ocrx_word' id='word_1_242' title='bbox 113 1922 248 1950; x_wconf 90' lang='lat' dir='ltr'><strong>unum</strong></span> <span class='ocrx_word' id='word_1_243' title='bbox 287 1909 453 1949; x_wconf 86' lang='lat' dir='ltr'><strong>instans</strong></span> <span class='ocrx_word' id='word_1_244' title='bbox 495 1922 677 1949; x_wconf 91' lang='lat' dir='ltr'><strong>numero</strong></span> <span class='ocrx_word' id='word_1_245' title='bbox 715 1915 779 1949; x_wconf 91' lang='lat' dir='ltr'><strong>est</strong></span> <span class='ocrx_word' id='word_1_246' title='bbox 814 1908 912 1948; x_wconf 87' lang='lat' dir='ltr'><strong>finis</strong></span> <span class='ocrx_word' id='word_1_247' title='bbox 951 1908 1085 1961; x_wconf 84' lang='lat' dir='ltr'><strong>ipsius</strong></span> <span class='ocrx_word' id='word_1_248' title='bbox 1123 1908 1158 1948; x_wconf 91' lang='lat' dir='ltr'><strong>B</strong></span> <span class='ocrx_word' id='word_1_249' title='bbox 1196 1915 1240 1949; x_wconf 92' lang='lat' dir='ltr'><strong>et</strong></span> <span class='ocrx_word' id='word_1_250' title='bbox 1277 1909 1540 1962; x_wconf 91' lang='lat' dir='ltr'><strong>principium</strong></span> <span class='ocrx_word' id='word_1_251' title='bbox 1578 1923 1645 1951; x_wconf 91' lang='lat' dir='ltr'><strong>se-</strong></span> 
     </span>
     <span class='ocr_line' id='line_1_27' title="bbox 112 1976 1643 2032; baseline 0.001 -14"><span class='ocrx_word' id='word_1_252' title='bbox 112 1977 282 2030; x_wconf 89' lang='lat' dir='ltr'><strong>quentis</strong></span> <span class='ocrx_word' id='word_1_253' title='bbox 303 1977 526 2029; x_wconf 86' lang='lat' dir='ltr'><strong>temporis.</strong></span> <span class='ocrx_word' id='word_1_254' title='bbox 588 1976 634 2018; x_wconf 86' lang='lat' dir='ltr'><strong>Si</strong></span> <span class='ocrx_word' id='word_1_255' title='bbox 657 1990 760 2030; x_wconf 87' lang='lat' dir='ltr'><strong>ergo</strong></span> <span class='ocrx_word' id='word_1_256' title='bbox 782 1977 822 2017; x_wconf 92' lang='lat' dir='ltr'><strong>in</strong></span> <span class='ocrx_word' id='word_1_257' title='bbox 854 1976 1031 2018; x_wconf 90' lang='lat' dir='ltr'><strong>instanti</strong></span> <span class='ocrx_word' id='word_1_258' title='bbox 1055 1976 1128 2016; x_wconf 89' lang='lat' dir='ltr'><strong>illo</strong></span> <span class='ocrx_word' id='word_1_259' title='bbox 1151 1978 1269 2030; x_wconf 86' lang='lat' dir='ltr'><strong>quod</strong></span> <span class='ocrx_word' id='word_1_260' title='bbox 1297 1984 1362 2019; x_wconf 87' lang='lat' dir='ltr'><strong>est</strong></span> <span class='ocrx_word' id='word_1_261' title='bbox 1385 1978 1643 2032; x_wconf 89' lang='lat' dir='ltr'><strong>principium</strong></span> 
     </span>
     <span class='ocr_line' id='line_1_28' title="bbox 112 2044 1645 2099; baseline 0 -12"><span class='ocrx_word' id='word_1_262' title='bbox 112 2045 333 2099; x_wconf 85' lang='lat' dir='ltr'><strong>sequentis</strong></span> <span class='ocrx_word' id='word_1_263' title='bbox 363 2044 572 2098; x_wconf 89' lang='lat' dir='ltr'><strong>temporis</strong></span> <span class='ocrx_word' id='word_1_264' title='bbox 600 2050 714 2085; x_wconf 88' lang='lat' dir='ltr'><strong>esset</strong></span> <span class='ocrx_word' id='word_1_265' title='bbox 743 2045 969 2098; x_wconf 88' lang='lat' dir='ltr'><strong>corrupcio</strong></span> <span class='ocrx_word' id='word_1_266' title='bbox 999 2044 1137 2085; x_wconf 87' lang='lat' dir='ltr'><strong>finalis</strong></span> <span class='ocrx_word' id='word_1_267' title='bbox 1167 2045 1387 2086; x_wconf 85' lang='lat' dir='ltr'><strong>terminia</strong></span> <span class='ocrx_word' id='word_1_268' title='bbox 1415 2060 1512 2099; x_wconf 89' lang='lat' dir='ltr'><strong>quo,</strong></span> <span class='ocrx_word' id='word_1_269' title='bbox 1543 2053 1645 2087; x_wconf 89' lang='lat' dir='ltr'><strong>tunc</strong></span> 
     </span>
     <span class='ocr_line' id='line_1_29' title="bbox 113 2112 1647 2168; baseline 0.001 -14"><span class='ocrx_word' id='word_1_270' title='bbox 113 2116 153 2154; x_wconf 92' lang='lat' dir='ltr'><strong>in</strong></span> <span class='ocrx_word' id='word_1_271' title='bbox 183 2114 224 2153; x_wconf 94' lang='lat' dir='ltr'>D</span> <span class='ocrx_word' id='word_1_272' title='bbox 249 2113 440 2165; x_wconf 86' lang='lat' dir='ltr'><strong>instanti,</strong></span> <span class='ocrx_word' id='word_1_273' title='bbox 467 2113 585 2165; x_wconf 92' lang='lat' dir='ltr'><strong>quod</strong></span> <span class='ocrx_word' id='word_1_274' title='bbox 616 2112 744 2152; x_wconf 90' lang='lat' dir='ltr'><strong>simul</strong></span> <span class='ocrx_word' id='word_1_275' title='bbox 769 2119 835 2153; x_wconf 90' lang='lat' dir='ltr'><strong>est</strong></span> <span class='ocrx_word' id='word_1_276' title='bbox 866 2125 965 2153; x_wconf 92' lang='lat' dir='ltr'><strong>cum</strong></span> <span class='ocrx_word' id='word_1_277' title='bbox 988 2113 1167 2154; x_wconf 88' lang='lat' dir='ltr'><strong>instanti</strong></span> <span class='ocrx_word' id='word_1_278' title='bbox 1202 2112 1252 2166; x_wconf 88' lang='lat' dir='ltr'><strong>C,</strong></span> <span class='ocrx_word' id='word_1_279' title='bbox 1274 2120 1386 2154; x_wconf 86' lang='lat' dir='ltr'><strong>esset</strong></span> <span class='ocrx_word' id='word_1_280' title='bbox 1418 2116 1647 2168; x_wconf 88' lang='lat' dir='ltr'><strong>corrupcio</strong></span> 
     </span>
     <span class='ocr_line' id='line_1_30' title="bbox 113 2180 1645 2235; baseline 0.001 -13"><span class='ocrx_word' id='word_1_281' title='bbox 113 2181 286 2223; x_wconf 89' lang='lat' dir='ltr'><strong>termini</strong></span> <span class='ocrx_word' id='word_1_282' title='bbox 309 2194 334 2221; x_wconf 87' lang='lat' dir='ltr'><strong>a</strong></span> <span class='ocrx_word' id='word_1_283' title='bbox 364 2193 465 2233; x_wconf 89' lang='lat' dir='ltr'><strong>qu0‚</strong></span> <span class='ocrx_word' id='word_1_284' title='bbox 493 2186 763 2234; x_wconf 85' lang='lat' dir='ltr'><strong>quapropter</strong></span> <span class='ocrx_word' id='word_1_285' title='bbox 790 2180 920 2221; x_wconf 85' lang='lat' dir='ltr'><strong>simul</strong></span> <span class='ocrx_word' id='word_1_286' title='bbox 949 2187 1061 2221; x_wconf 90' lang='lat' dir='ltr'><strong>esset</strong></span> <span class='ocrx_word' id='word_1_287' title='bbox 1093 2188 1136 2222; x_wconf 90' lang='lat' dir='ltr'><strong>et</strong></span> <span class='ocrx_word' id='word_1_288' title='bbox 1167 2194 1254 2221; x_wconf 92' lang='lat' dir='ltr'><strong>non</strong></span> <span class='ocrx_word' id='word_1_289' title='bbox 1283 2187 1409 2231; x_wconf 89' lang='lat' dir='ltr'><strong>esset,</strong></span> <span class='ocrx_word' id='word_1_290' title='bbox 1432 2184 1550 2235; x_wconf 93' lang='lat' dir='ltr'><strong>quod</strong></span> <span class='ocrx_word' id='word_1_291' title='bbox 1580 2190 1645 2223; x_wconf 90' lang='lat' dir='ltr'><strong>est</strong></span> 
     </span>
     <span class='ocr_line' id='line_1_31' title="bbox 56 2248 1643 2304; baseline 0.003 -18"><span class='ocrx_word' id='word_1_292' title='bbox 56 2265 95 2295; x_wconf 73' lang='lat'><strong>30</strong></span> <span class='ocrx_word' id='word_1_293' title='bbox 114 2248 398 2304; x_wconf 90' lang='lat' dir='ltr'><strong>impossibile.</strong></span> <span class='ocrx_word' id='word_1_294' title='bbox 460 2249 520 2289; x_wconf 90' lang='lat' dir='ltr'><strong>Et</strong></span> <span class='ocrx_word' id='word_1_295' title='bbox 554 2250 727 2300; x_wconf 89' lang='lat' dir='ltr'><strong>iterum,</strong></span> <span class='ocrx_word' id='word_1_296' title='bbox 758 2262 845 2289; x_wconf 93' lang='lat' dir='ltr'><strong>non</strong></span> <span class='ocrx_word' id='word_1_297' title='bbox 889 2255 1033 2301; x_wconf 90' lang='lat' dir='ltr'><strong>potest</strong></span> <span class='ocrx_word' id='word_1_298' title='bbox 1066 2249 1148 2289; x_wconf 93' lang='lat' dir='ltr'><strong>hoc</strong></span> <span class='ocrx_word' id='word_1_299' title='bbox 1181 2255 1309 2301; x_wconf 83' lang='lat' dir='ltr'><strong>stare,</strong></span> <span class='ocrx_word' id='word_1_300' title='bbox 1341 2251 1442 2304; x_wconf 84' lang='lat' dir='ltr'><strong>quia</strong></span> <span class='ocrx_word' id='word_1_301' title='bbox 1479 2250 1643 2292; x_wconf 85' lang='lat' dir='ltr'><strong>nullam</strong></span> 
     </span>
     <span class='ocr_line' id='line_1_32' title="bbox 114 2317 1649 2372; baseline 0.001 -14"><span class='ocrx_word' id='word_1_302' title='bbox 114 2317 491 2371; x_wconf 86' lang='lat' dir='ltr'><strong>comparacionem</strong></span> <span class='ocrx_word' id='word_1_303' title='bbox 513 2317 646 2357; x_wconf 88' lang='lat' dir='ltr'><strong>habet</strong></span> <span class='ocrx_word' id='word_1_304' title='bbox 667 2318 750 2358; x_wconf 93' lang='lat' dir='ltr'><strong>hoc</strong></span> <span class='ocrx_word' id='word_1_305' title='bbox 773 2318 938 2357; x_wconf 83' lang='lat' dir='ltr'><strong>instans</strong></span> <span class='ocrx_word' id='word_1_306' title='bbox 961 2317 1042 2357; x_wconf 86' lang='lat' dir='ltr'><strong>nisi</strong></span> <span class='ocrx_word' id='word_1_307' title='bbox 1071 2318 1127 2359; x_wconf 87' lang='lat' dir='ltr'><strong>ad</strong></span> <span class='ocrx_word' id='word_1_308' title='bbox 1153 2324 1326 2371; x_wconf 89' lang='lat' dir='ltr'><strong>tempus</strong></span> <span class='ocrx_word' id='word_1_309' title='bbox 1348 2319 1649 2372; x_wconf 83' lang='lat' dir='ltr'><strong>generacionis</strong></span> 
     </span>
     <span class='ocr_line' id='line_1_33' title="bbox 114 2386 1643 2440; baseline 0 -14"><span class='ocrx_word' id='word_1_310' title='bbox 114 2386 287 2427; x_wconf 87' lang='lat' dir='ltr'><strong>termini</strong></span> <span class='ocrx_word' id='word_1_311' title='bbox 318 2386 374 2426; x_wconf 84' lang='lat' dir='ltr'><strong>ad</strong></span> <span class='ocrx_word' id='word_1_312' title='bbox 407 2398 550 2438; x_wconf 89' lang='lat' dir='ltr'><strong>quem,</strong></span> <span class='ocrx_word' id='word_1_313' title='bbox 583 2392 626 2426; x_wconf 88' lang='lat' dir='ltr'><strong>et</strong></span> <span class='ocrx_word' id='word_1_314' title='bbox 654 2386 710 2426; x_wconf 86' lang='lat' dir='ltr'><strong>ad</strong></span> <span class='ocrx_word' id='word_1_315' title='bbox 742 2391 915 2439; x_wconf 91' lang='lat' dir='ltr'><strong>tempus</strong></span> <span class='ocrx_word' id='word_1_316' title='bbox 941 2386 1284 2427; x_wconf 88' lang='lat' dir='ltr'><strong>continuacionis</strong></span> <span class='ocrx_word' id='word_1_317' title='bbox 1313 2399 1405 2427; x_wconf 93' lang='lat' dir='ltr'><strong>esse</strong></span> <span class='ocrx_word' id='word_1_318' title='bbox 1434 2389 1643 2440; x_wconf 84' lang='lat' dir='ltr'><strong>generati.</strong></span> 
     </span>
     <span class='ocr_line' id='line_1_34' title="bbox 115 2454 1645 2509; baseline 0.001 -14"><span class='ocrx_word' id='word_1_319' title='bbox 115 2455 175 2495; x_wconf 86' lang='lat' dir='ltr'><strong>Et</strong></span> <span class='ocrx_word' id='word_1_320' title='bbox 197 2459 263 2495; x_wconf 88' lang='lat' dir='ltr'><strong>est</strong></span> <span class='ocrx_word' id='word_1_321' title='bbox 285 2454 463 2495; x_wconf 92' lang='lat' dir='ltr'><strong>omnino</strong></span> <span class='ocrx_word' id='word_1_322' title='bbox 485 2454 704 2494; x_wconf 89' lang='lat' dir='ltr'><strong>diversum</strong></span> <span class='ocrx_word' id='word_1_323' title='bbox 733 2460 777 2494; x_wconf 91' lang='lat' dir='ltr'><strong>et</strong></span> <span class='ocrx_word' id='word_1_324' title='bbox 799 2454 984 2494; x_wconf 89' lang='lat' dir='ltr'><strong>divisum</strong></span> <span class='ocrx_word' id='word_1_325' title='bbox 1006 2468 1031 2494; x_wconf 87' lang='lat' dir='ltr'><strong>a</strong></span> <span class='ocrx_word' id='word_1_326' title='bbox 1053 2460 1254 2507; x_wconf 88' lang='lat' dir='ltr'><strong>tempore</strong></span> <span class='ocrx_word' id='word_1_327' title='bbox 1283 2455 1579 2509; x_wconf 86' lang='lat' dir='ltr'><strong>corrupcionis</strong></span> <span class='ocrx_word' id='word_1_328' title='bbox 1601 2463 1645 2497; x_wconf 89' lang='lat' dir='ltr'><strong>et</strong></span> 
     </span>
     <span class='ocr_line' id='line_1_35' title="bbox 115 2522 1644 2577; baseline 0.001 -15"><span class='ocrx_word' id='word_1_329' title='bbox 115 2523 394 2575; x_wconf 89' lang='lat' dir='ltr'><strong>impertinens</strong></span> <span class='ocrx_word' id='word_1_330' title='bbox 416 2522 467 2574; x_wconf 86' lang='lat' dir='ltr'><strong>ei,</strong></span> <span class='ocrx_word' id='word_1_331' title='bbox 489 2535 622 2575; x_wconf 90' lang='lat' dir='ltr'><strong>quare</strong></span> <span class='ocrx_word' id='word_1_332' title='bbox 645 2522 927 2576; x_wconf 87' lang='lat' dir='ltr'><strong>impertinens</strong></span> <span class='ocrx_word' id='word_1_333' title='bbox 957 2529 1023 2563; x_wconf 90' lang='lat' dir='ltr'><strong>est</strong></span> <span class='ocrx_word' id='word_1_334' title='bbox 1044 2523 1326 2575; x_wconf 89' lang='lat' dir='ltr'><strong>corrupcioni.</strong></span> <span class='ocrx_word' id='word_1_335' title='bbox 1379 2523 1453 2565; x_wconf 90' lang='lat' dir='ltr'><strong>Sic</strong></span> <span class='ocrx_word' id='word_1_336' title='bbox 1480 2524 1644 2577; x_wconf 87' lang='lat' dir='ltr'><strong>specia-</strong></span> 
     </span>
     <span class='ocr_line' id='line_1_36' title="bbox 55 2590 1647 2644; baseline -0.002 -9"><span class='ocrx_word' id='word_1_337' title='bbox 55 2605 92 2635; x_wconf 78' lang='lat'><strong>35</strong></span> <span class='ocrx_word' id='word_1_338' title='bbox 115 2591 212 2632; x_wconf 91' lang='lat' dir='ltr'><strong>liter</strong></span> <span class='ocrx_word' id='word_1_339' title='bbox 232 2591 428 2644; x_wconf 86' lang='lat' dir='ltr'><strong>arguitur</strong></span> <span class='ocrx_word' id='word_1_340' title='bbox 456 2598 607 2632; x_wconf 89' lang='lat' dir='ltr'><strong>contra</strong></span> <span class='ocrx_word' id='word_1_341' title='bbox 640 2591 758 2630; x_wconf 87' lang='lat' dir='ltr'><strong>illam</strong></span> <span class='ocrx_word' id='word_1_342' title='bbox 781 2591 1045 2643; x_wconf 90' lang='lat' dir='ltr'><strong>posicionem</strong></span> <span class='ocrx_word' id='word_1_343' title='bbox 1069 2591 1123 2631; x_wconf 91' lang='lat' dir='ltr'><strong>de</strong></span> <span class='ocrx_word' id='word_1_344' title='bbox 1153 2590 1347 2644; x_wconf 90' lang='lat' dir='ltr'><strong>pluribus</strong></span> <span class='ocrx_word' id='word_1_345' title='bbox 1370 2591 1647 2643; x_wconf 85' lang='lat' dir='ltr'><strong>instantibus,</strong></span> 
     </span>
    </p>
   </div>
   <div class='ocr_carea' id='block_1_3' title="bbox 159 2709 1642 2752">
    <p class='ocr_par' dir='ltr' id='par_1_3' title="bbox 159 2709 1642 2752">
     <span class='ocr_line' id='line_1_37' title="bbox 159 2709 1642 2752; baseline 0 -10"><span class='ocrx_word' id='word_1_346' title='bbox 159 2722 179 2750; x_wconf 85' lang='lat'>3</span> <span class='ocrx_word' id='word_1_347' title='bbox 202 2709 311 2751; x_wconf 85' lang='lat' dir='ltr'><strong>esset]</strong></span> <span class='ocrx_word' id='word_1_348' title='bbox 329 2720 397 2741; x_wconf 92' lang='lat' dir='ltr'><strong>non</strong></span> <span class='ocrx_word' id='word_1_349' title='bbox 415 2716 507 2741; x_wconf 86' lang='lat' dir='ltr'><strong>esset</strong></span> <span class='ocrx_word' id='word_1_350' title='bbox 524 2710 557 2740; x_wconf 92' lang='lat' dir='ltr'><em>F</em></span> <span class='ocrx_word' id='word_1_351' title='bbox 714 2720 754 2740; x_wconf 81' lang='lat'><strong>22</strong></span> <span class='ocrx_word' id='word_1_352' title='bbox 781 2709 957 2750; x_wconf 85' lang='lat' dir='ltr'><strong>Preterea]</strong></span> <span class='ocrx_word' id='word_1_353' title='bbox 976 2709 1195 2750; x_wconf 86' lang='lat' dir='ltr'><strong>Quapropter</strong></span> <span class='ocrx_word' id='word_1_354' title='bbox 1212 2710 1247 2740; x_wconf 90' lang='lat' dir='ltr'><em>D</em></span> <span class='ocrx_word' id='word_1_355' title='bbox 1401 2721 1442 2749; x_wconf 76' lang='lat'><strong>23</strong></span> <span class='ocrx_word' id='word_1_356' title='bbox 1467 2711 1558 2752; x_wconf 88' lang='lat' dir='ltr'><strong>ideo]</strong></span> <span class='ocrx_word' id='word_1_357' title='bbox 1574 2721 1642 2742; x_wconf 90' lang='lat' dir='ltr'><strong>non</strong></span> 
     </span>
    </p>
   </div>
   <div class='ocr_carea' id='block_1_4' title="bbox 115 2761 1646 2844">
    <p class='ocr_par' dir='ltr' id='par_1_4' title="bbox 115 2761 1646 2844">
     <span class='ocr_line' id='line_1_38' title="bbox 116 2761 1646 2802; baseline 0.001 -11"><span class='ocrx_word' id='word_1_358' title='bbox 116 2762 149 2791; x_wconf 82' lang='lat' dir='ltr'><strong>J)</strong></span> <span class='ocrx_word' id='word_1_359' title='bbox 335 2771 376 2801; x_wconf 77' lang='lat'><strong>32</strong></span> <span class='ocrx_word' id='word_1_360' title='bbox 400 2761 685 2802; x_wconf 85' lang='lat' dir='ltr'><strong>continuacionis]</strong></span> <span class='ocrx_word' id='word_1_361' title='bbox 703 2761 938 2801; x_wconf 86' lang='lat' dir='ltr'><strong>generacionis</strong></span> <span class='ocrx_word' id='word_1_362' title='bbox 955 2761 989 2791; x_wconf 92' lang='lat' dir='ltr'><em>D</em></span> <span class='ocrx_word' id='word_1_363' title='bbox 1173 2772 1213 2801; x_wconf 86' lang='lat'><strong>34</strong></span> <span class='ocrx_word' id='word_1_364' title='bbox 1239 2762 1281 2800; x_wconf 88' lang='lat' dir='ltr'><strong>ei,</strong></span> <span class='ocrx_word' id='word_1_365' title='bbox 1302 2771 1405 2801; x_wconf 87' lang='lat' dir='ltr'><strong>quare</strong></span> <span class='ocrx_word' id='word_1_366' title='bbox 1423 2763 1646 2801; x_wconf 71' lang='lat' dir='ltr'><strong>impertinens</strong></span> 
     </span>
     <span class='ocr_line' id='line_1_39' title="bbox 115 2813 234 2844; baseline 0 -1"><span class='ocrx_word' id='word_1_367' title='bbox 115 2825 181 2844; x_wconf 87' lang='lat' dir='ltr'><strong>om.</strong></span> <span class='ocrx_word' id='word_1_368' title='bbox 200 2813 234 2843; x_wconf 90' lang='lat' dir='ltr'><em>D</em></span> 
     </span>
    </p>
   </div>
   <div class='ocr_carea' id='block_1_5' title="bbox 0 2878 896 2928">
    <p class='ocr_par' dir='ltr' id='par_1_5' title="bbox 0 2878 896 2928">
     <span class='ocr_line' id='line_1_40' title="bbox 0 2878 896 2928; baseline -0.002 -19"><span class='ocrx_word' id='word_1_369' title='bbox 0 2884 1 2928; x_wconf 39' lang='lat' dir='ltr'><strong>i</strong></span> <span class='ocrx_word' id='word_1_370' title='bbox 182 2893 208 2909; x_wconf 79' lang='lat' dir='ltr'><strong>R.</strong></span> <span class='ocrx_word' id='word_1_371' title='bbox 219 2892 243 2909; x_wconf 73' lang='lat' dir='ltr'><strong>n.</strong></span> <span class='ocrx_word' id='word_1_372' title='bbox 260 2892 288 2909; x_wconf 77' lang='grc' dir='ltr'><strong>ιιι</strong></span> <span class='ocrx_word' id='word_1_373' title='bbox 868 2878 896 2907; x_wconf 87' lang='lat' dir='ltr'>T</span> 
     </span>
    </p>
   </div>
   <div class='ocr_carea' id='block_1_6' title="bbox 1664 959 1789 1000">
    <p class='ocr_par' dir='ltr' id='par_1_6' title="bbox 1664 959 1789 1000">
     <span class='ocr_line' id='line_1_41' title="bbox 1664 959 1789 1000; baseline -0.016 -11"><span class='ocrx_word' id='word_1_374' title='bbox 1664 959 1789 1000; x_wconf 71' lang='lat'><strong>76122.</strong></span> 
     </span>
    </p>
   </div>
  </div>
 </body>
</html>
