1898 3126
129 243 246 273 Ooax.

53 1975 88 2005 F.
108 1982 166 2014 109
181 1984 199 2003 a
217 1984 242 2004 2.

123 2284 246 2317 60:12.

991 134 1074 164 210

268 241 391 288 parte
424 235 570 288 spacii,
601 241 776 289 oportet
806 237 927 288 quod
960 238 1228 285 successive;
1260 249 1376 289 ergo,
1398 243 1574 288 oportet
1605 237 1723 289 quod
1757 237 1799 276 in

266 309 480 356 tempore,
502 311 545 345 et
566 305 685 357 quod
710 310 856 345 motus
877 305 932 344 sit
963 318 1050 345 non
1073 304 1280 345 mutacio.
1343 305 1561 345 Raciones
1590 305 1671 346 iste
1698 312 1799 346 sunt

268 385 524 413 communes
546 373 602 413 ad
625 373 786 413 multas
802 373 1067 426 questiones,
1082 380 1125 414 et
1142 379 1291 414 tamen
1308 380 1410 414 sunt
1429 373 1603 427 proprie
1620 373 1798 414 cuilibet

268 440 449 491 illarum,
473 442 588 483 unde
607 441 734 482 valde
756 442 947 482 notande
968 448 1069 482 sunt
1091 448 1134 482 et
1156 442 1434 483 concedende
1463 448 1576 484 sunt.
1638 442 1797 483 Dicen-

268 510 373 549 dum
397 510 528 563 igitur
559 510 678 562 quod
710 515 854 550 motus
887 511 1083 563 corporis
1109 517 1223 551 esset
1247 511 1289 550 in
1310 523 1467 559 vacuo,
1489 510 1524 550 si
1546 510 1732 561 cederet,
1755 517 1797 552 et

267 591 354 618 non
378 579 581 619 mutacio.

324 647 399 688 Ad
423 648 626 700 primum,
649 649 882 689 dicendum
905 649 1024 700 quod
1055 648 1221 700 duplex
1250 655 1315 689 est
1341 649 1638 690 consider-acio
1660 648 1798 697 vacui,

266 715 441 766 scilicet,
473 716 644 757 racione
675 716 959 757 dimensionis
991 730 1078 765 sue,
1113 723 1156 757 et
1189 718 1359 758 racione
1390 717 1710 758 contrarietatis
1740 717 1796 757 ad

267 784 457 837 plenum.
522 784 667 825 Primo
700 786 833 826 modo
865 792 929 826 est
964 786 1195 838 propo1·cio
1227 785 1343 838 pleni
1377 787 1433 827 ad
1465 799 1663 836 vacuum,
1694 785 1797 838 quia

267 859 501 905 utrumque
523 860 586 893 est
610 853 979 894 dimensionatum
1003 853 1225 906 equaliter,
1248 855 1439 895 secundo
1468 855 1600 895 modo
1623 867 1709 894 non
1732 859 1796 894 est

267 921 507 974 proporcio‚
521 928 564 962 et
586 923 646 962 sic
665 923 851 963 intendit
870 917 1147 972 Aristoteles,
1164 929 1207 963 et
1225 923 1285 964 sic
1307 923 1451 976 arguit
1473 923 1593 976 quod
1616 923 1798 963 demon-

269 991 426 1030 stracio
463 1004 539 1030 sua
574 998 616 1031 et
654 991 845 1032 intencio
881 1005 960 1031 sua
994 990 1192 1032 feruntur
1224 991 1278 1031 ad
1321 991 1417 1041 hoc,
1449 992 1568 1044 quod
1609 1004 1695 1031 non
1731 997 1798 1031 est

268 1065 412 1098 motus
448 1059 488 1098 in
521 1072 660 1100 vacuo
696 1060 867 1101 racione
903 1059 1088 1112 alicujus
1123 1060 1352 1100 densitatis
1385 1060 1452 1100 vel
1488 1059 1688 1109 raritatis,
1720 1072 1798 1099 nec

267 1133 411 1167 motus
443 1128 650 1168 naturalis
687 1129 761 1181 qui
795 1129 1035 1169 attenditur
1066 1141 1200 1181 penes
1236 1129 1317 1169 hec
1349 1134 1393 1169 et
1425 1128 1467 1168 in
1499 1127 1582 1168 hiis
1615 1141 1700 1168 non
1732 1134 1797 1168 est

265 1197 495 1249 proporcio
530 1198 653 1237 vacui
691 1198 746 1237 ad
784 1197 976 1251 plenum,
1009 1198 1112 1250 quia
1147 1198 1189 1237 in
1222 1210 1362 1237 vacuo
1396 1210 1484 1237 non
1521 1202 1670 1249 potest
1703 1210 1796 1236 esse

265 1270 419 1304 natura
441 1265 561 1305 densi
585 1279 664 1306 nec
687 1266 782 1306 rari.
833 1265 893 1306 Et
915 1266 976 1307 sic
999 1267 1199 1319 procedit
1221 1266 1412 1306 secunda
1434 1266 1563 1315 racio,
1585 1265 1794 1318 quoniam

265 1334 474 1374 velocitas
514 1342 557 1375 et
599 1336 781 1375 tarditas
819 1335 859 1374 in
898 1341 1019 1375 motu
1057 1334 1243 1375 naturali
1281 1341 1383 1375 sunt
1418 1348 1495 1387 per
1531 1334 1794 1375 densitatem

267 1403 398 1442 medii
432 1411 475 1443 et
508 1403 743 1451 raritatem,
766 1411 832 1445 set
865 1409 1008 1445 motus
1040 1403 1296 1457 simpliciter
1326 1417 1413 1444 non
1445 1403 1517 1453 sic,
1538 1416 1618 1444 nec
1650 1408 1794 1443 motus

266 1470 549 1519 voluntarius,
574 1473 647 1524 qui
680 1473 792 1513 bene
823 1479 937 1513 esset
967 1473 1008 1511 in
1031 1486 1183 1522 vacuo,
1205 1474 1238 1512 si
1266 1473 1452 1513 cederet.
1513 1471 1589 1512 Ad
1611 1472 1794 1512 tercium

267 1546 413 1592 potest
440 1540 524 1580 dici
553 1543 673 1593 quod
697 1541 875 1581 omnino
898 1553 983 1581 non
1006 1541 1213 1593 sequitur,
1236 1541 1338 1594 quia
1362 1541 1403 1580 in
1427 1546 1550 1581 motu
1572 1539 1652 1581 celi
1674 1539 1793 1580 nulla

266 1614 331 1647 est
361 1609 621 1658 resistenda,
643 1616 686 1650 et
713 1616 861 1650 tamen
890 1622 977 1650 non
1004 1615 1070 1649 est
1096 1609 1138 1649 in
1165 1609 1357 1650 instanti.
1421 1609 1480 1650 Et
1508 1609 1664 1649 iterum
1694 1608 1794 1649 licet

264 1690 446 1716 vacuum
470 1677 612 1725 cedat,
633 1684 780 1719 tamen
802 1677 860 1718 ibi
884 1684 950 1718 est
977 1677 1191 1718 dimensio
1222 1677 1357 1731 spacii
1386 1691 1472 1730 que
1494 1676 1653 1718 faceret
1674 1677 1794 1730 prius

267 1751 309 1785 et
340 1746 567 1797 posterius,
590 1753 632 1787 et
659 1760 746 1787 non
775 1747 949 1787 cederet
977 1747 1123 1787 subito
1152 1752 1194 1786 et
1222 1746 1418 1787 totaliter
1447 1747 1489 1785 in
1516 1746 1706 1797 instanti,
1727 1753 1793 1788 set

263 1814 475 1865 paulatim
499 1822 541 1856 et
564 1815 605 1856 in
628 1822 837 1869 tempore.

327 1963 573 2016 Capilulnm
612 1972 679 2017 5¹³¹.
740 1966 791 2006 de
823 1967 1069 2007 necessitate
1101 1968 1230 2008 vacui
1247 1974 1428 2020 propter
1450 1981 1593 2019 grave
1625 1973 1669 2006 et
1694 1968 1793 2016 leve,

262 2045 415 2071 rarum
446 2039 488 2072 et
513 2033 703 2074 densum.

327 2142 453 2182 Nunc
487 2143 666 2184 ulterius
699 2145 1063 2186 considerandum
1097 2152 1162 2186 est
1193 2159 1247 2186 an
1286 2153 1464 2199 propter
1500 2145 1606 2187 alias
1642 2160 1791 2188 causas

269 2223 443 2250 necesse
480 2219 544 2253 est
582 2212 647 2253 vel
686 2213 893 2266 possibile
928 2227 1091 2268 ponere
1127 2228 1325 2265 vacuum,
1359 2222 1402 2256 et
1436 2216 1577 2268 primo
1613 2221 1791 2269 propter

264 2291 397 2331 grave
434 2286 476 2319 et
513 2280 617 2328 leve,
651 2289 694 2322 et
732 2296 874 2322 rarum
911 2289 955 2323 et
991 2283 1188 2323 densum.
1264 2283 1323 2323 Et
1351 2281 1356 2337 Ι
1384 2283 1590 2324 dixerunt
1623 2281 1789 2335 antiqui

266 2347 383 2398 quod
407 2360 591 2388 vacuum
613 2351 902 2391 necessarium
924 2356 989 2391 est
1010 2356 1191 2404 propter
1217 2350 1322 2402 leve,
1345 2358 1387 2392 et
1413 2351 1591 2404 plenum
1613 2356 1790 2405 propter
1810 2371 1850 2402 30
1889 2383 1895 2387 ..

264 2427 408 2467 grave,
443 2416 696 2458 estimantes
727 2420 844 2472 quod
876 2432 1005 2460 causa
1038 2419 1226 2460 levitatis
1259 2419 1338 2461 fuit
1369 2433 1568 2469 vacuum,
1598 2426 1641 2460 et
1670 2419 1789 2472 quod

310 2544 328 2573 5
347 2535 455 2576 esset]
471 2541 522 2567 est
534 2547 608 2567 cum
624 2539 721 2569 fieret
735 2539 767 2568 F
851 2541 871 2569 6
889 2540 971 2580 non]
986 2550 1053 2571 non
1067 2539 1143 2570 talis
1155 2539 1190 2569 D
1282 2549 1318 2570 11
1339 2540 1446 2581 quod]
1461 2541 1536 2580 quia
1550 2540 1582 2570 F
1653 2550 1691 2578 14
1708 2538 1789 2580 hec]

266 2586 327 2616 hoe
346 2586 380 2615 D
485 2589 524 2618 18
547 2590 761 2631 simpliciter]
779 2591 933 2622 similiter
948 2592 981 2621 F
1077 2601 1116 2630 19
1139 2591 1294 2632 cederet]
1312 2593 1436 2623 cedent
1452 2591 1485 2622 F
1581 2601 1619 2621 21
1645 2592 1702 2623 alt.
1719 2591 1787 2632 est]

266 2637 302 2666 fit
318 2637 381 2667 FD
548 2650 589 2678 23
614 2646 647 2671 et
665 2641 749 2682 non]
767 2647 801 2672 et
817 2643 922 2673 eciam
940 2653 1006 2673 non
1023 2643 1074 2673 F:
1099 2646 1133 2672 et
1150 2648 1241 2674 esset
1259 2654 1326 2674 non
1343 2644 1375 2673 D
1549 2652 1589 2682 25
1614 2642 1676 2683 5¹³]
1694 2644 1739 2681 4¹¹¹
1755 2642 1789 2672 D

265 2689 306 2717 26
344 2690 514 2730 densum.]
557 2692 708 2732 densum,
740 2699 773 2724 et
804 2704 845 2723 an
879 2694 991 2733 aliquo
1022 2695 1123 2724 modo
1159 2695 1320 2734 possibile
1352 2696 1395 2726 sit
1427 2705 1553 2734 ponere
1588 2704 1730 2725 vacuum
1760 2693 1793 2723 F

263 2739 304 2768 28
328 2745 380 2770 est
396 2741 465 2781 vel]
482 2742 526 2772 sit
542 2743 594 2772 vel
611 2743 646 2773 D
806 2755 847 2783 29
871 2745 1018 2786 antiqui]
1036 2751 1093 2777 aut
1111 2747 1158 2777 hii
1175 2747 1228 2785 qui
1246 2746 1278 2776 F
1426 2755 1469 2784 3ο
1492 2746 1566 2777 16ν6
1583 2750 1617 2776 et
1633 2744 1786 2785 plenum]

263 2790 397 2829 plenum
416 2797 449 2822 et
466 2792 540 2823 leve
554 2794 586 2822 F
712 2805 749 2833 31
777 2806 917 2827 vacuum
934 2806 1002 2828 om.
1022 2797 1055 2827 D

1814 1557 1852 1579 20

1856 2491 1868 2536 l

1860 2538 1868 2759 l
