1898 3126
822 122 899 162 261

102 246 188 273 non
221 247 315 274 esse
347 234 521 274 termini
555 234 610 274 ad
649 247 792 286 quem,
826 235 1037 276 debeatur
1065 236 1221 276 ultimo
1254 237 1392 277 exitui
1423 237 1428 290 Ι
1454 238 1546 290 ejus
1584 239 1727 291 i1175b
1752 260 1775 278 ι.

102 315 205 352 esse,
242 315 316 341 seu
354 302 392 341 ei
433 302 553 354 quod
586 315 793 342 vocamus
834 310 1089 354 generatum
1129 317 1236 351 esse,
1274 311 1376 344 tunc
1418 306 1451 345 si
1485 312 1625 347 trans-

104 376 296 410 mutetur
326 383 350 409 a
373 382 460 409 non
487 382 581 410 esse
604 376 750 410 motus
774 370 815 409 in
842 384 935 411 esse
958 372 1066 424 ejus,
1087 372 1321 412 dicendum
1355 379 1421 412 est
1444 374 1560 425 quod
1585 375 1626 413 in

104 437 283 478 instanti
307 438 424 478 dicto
446 437 502 477 sit
525 451 618 477 esse
640 438 829 490 primum
850 439 983 491 ipsius
1007 446 1163 488 motus,
1188 454 1291 492 ergo
1316 447 1458 481 motus
1482 442 1560 481 erit:
1583 442 1625 480 in

64 522 80 553 5
101 507 294 554 instanti,
312 506 428 558 quod
447 511 514 546 est
531 506 813 558 impossibile,
864 507 922 547 Et
940 507 1172 547 dicendum
1191 514 1256 548 est
1273 509 1388 560 quod
1409 509 1630 549 sentencia

104 575 300 627 predicta
322 574 464 614 solum
488 579 609 614 tenet
632 574 674 613 in
698 576 1055 627 permanentibus
1077 577 1337 628 generandis
1361 590 1446 617 non
1470 576 1511 616 in
1533 591 1628 617 suc-

103 643 297 691 cessivis;
321 649 365 682 et
383 642 423 681 in
435 643 722 694 generacione
731 643 915 683 naturali
929 644 984 684 de
996 644 1200 697 potencia
1212 645 1392 685 materie
1408 658 1628 697 nunquam

103 711 357 765 producitur
388 710 554 763 aliquid
580 711 867 750 successivum
903 725 980 752 nec
1012 720 1156 753 motus
1189 719 1253 753 set
1286 726 1555 765 permanens,
1589 720 1631 753 et

109 780 208 820 ideo
230 785 370 819 cessat
392 778 471 819 hec
493 778 704 831 objeccio.

48 930 84 950 10
167 908 411 961 Capitulum
434 915 502 959 5¹³³.
555 907 605 947 de
626 907 873 960 dfferencz'a
895 909 1191 962 prodncciom's
1213 911 1567 963 permanemimn
1595 917 1638 950 et

104 978 448 1018 sztccessz'vorum.

167 1068 226 1109 Et
243 1067 376 1120 juxta
393 1067 476 1108 hoc
498 1074 602 1108 tunc
620 1081 853 1120 possumus
875 1068 1148 1108 considerare
1167 1070 1390 1121 quomodo
1414 1082 1635 1109 sermones

106 1137 318 1190 vulgares,
355 1142 568 1188 quantum
604 1136 659 1176 ad
697 1136 866 1176 exitum
910 1137 952 1176 in
997 1149 1090 1176 esse
1132 1144 1176 1178 et
1210 1151 1295 1177 non
1329 1152 1433 1186 esse,
1470 1137 1633 1177 habent

107 1205 314 1246 verificari
345 1205 386 1244 in
416 1204 771 1257 permanentibus
803 1209 846 1244 et
871 1205 1123 1245 successivis
1150 1205 1452 1246 diversimode.
1517 1205 1633 1245 Nam

50 1293 85 1323 15
109 1289 174 1315 res
196 1285 454 1326 permanens
478 1273 609 1313 habet
638 1272 816 1325 aliquod
848 1273 1014 1313 instans
1040 1273 1082 1313 in
1113 1287 1201 1325 quo
1233 1274 1418 1313 finaliter
1448 1281 1490 1313 et
1518 1287 1636 1314 com-

109 1343 228 1396 plete
260 1349 336 1391 est,
358 1347 401 1382 et
433 1355 519 1382 non
553 1341 686 1381 habet
719 1341 884 1381 instans
914 1342 955 1381 in
984 1355 1072 1394 quo
1104 1341 1290 1382 finaliter
1321 1355 1407 1381 non
1440 1349 1505 1381 est
1537 1347 1639 1382 ante

110 1425 216 1462 esse,
237 1417 302 1451 set
328 1409 520 1463 aliquam
543 1416 714 1462 partem
736 1410 948 1461 temporis
970 1409 1183 1456 ultimam,
1208 1424 1294 1461 qua
1318 1410 1529 1449 minorem
1554 1422 1638 1448 non

110 1485 256 1535 potest
279 1486 433 1520 natura
454 1491 621 1531 capere,
643 1484 687 1518 et
710 1478 807 1518 ideo
829 1477 1044 1531 contingit
1067 1478 1222 1523 dicere,
1247 1478 1256 1496 ‘
1274 1491 1385 1518 nunc
1407 1478 1547 1530 primo
1573 1484 1638 1516 est

110 1555 154 1590 et
174 1548 294 1602 prius
327 1561 414 1587 non
444 1545 548 1587 fuit!
614 1546 693 1588 Set
716 1546 820 1586 illud
853 1560 967 1586 nunc
991 1553 1055 1586 est
1080 1546 1113 1587 C
1138 1547 1314 1593 instans,
1340 1552 1383 1586 et
1413 1546 1506 1585 finis
1529 1553 1637 1586 tem-

52 1635 91 1655 20
112 1617 228 1671 poris
259 1615 543 1656 mensurantis
565 1628 651 1655 non
681 1628 772 1655 esse
799 1615 933 1667 ipsius
963 1615 1137 1655 termini
1167 1615 1222 1655 ad
1247 1628 1390 1667 quem.
1453 1614 1511 1653 Et
1534 1613 1639 1653 illud

113 1686 230 1740 prius
253 1691 317 1725 est
350 1683 503 1724 ultima
539 1697 638 1737 pars
671 1684 882 1736 temporis
912 1683 980 1723 vel
1013 1689 1155 1723 totum
1188 1689 1362 1735 tempus
1393 1682 1511 1734 cujus
1543 1681 1639 1721 finis

113 1759 178 1795 est
202 1753 251 1794 C.
300 1753 360 1793 Et
384 1753 481 1793 ideo
504 1753 539 1792 si
566 1752 741 1804 proprie
763 1751 1004 1804 accipiatur
1031 1751 1226 1804 incepcio
1256 1752 1299 1790 in
1322 1751 1448 1791 rebus
1471 1763 1639 1802 perma-

113 1823 331 1871 nentibus,
369 1821 604 1861 dicendum
644 1826 708 1860 est
745 1820 864 1871 quod
905 1819 1104 1872 incepcio
1147 1826 1214 1859 est
1255 1819 1296 1858 in
1333 1818 1407 1857 illo
1445 1817 1640 1866 instanti,

114 1898 157 1932 et
175 1897 279 1931 tunc
296 1903 395 1931 cum
413 1889 584 1937 dicitur,
602 1887 759 1928 ‘homo
783 1888 929 1940 incipit
948 1886 1068 1934 esse,'
1087 1887 1219 1927 debet
1237 1887 1355 1935 dici‚‘
1372 1899 1483 1927 nunc
1500 1886 1640 1939 primo

58 1977 93 2007 25
114 1959 202 2007 est‚'
233 1959 277 1999 id
309 1964 385 2005 est,
410 1958 452 1997 in
485 1956 531 2006 C,
555 1962 598 1997 et
631 1956 776 2009 ‘prius
805 1969 891 1995 non
920 1954 1033 2004 fuit’‚
1056 1955 1234 2003 scilicet,
1260 1955 1301 1994 in
1334 1953 1486 1994 ultima
1518 1960 1640 2007 parte

115 2027 249 2081 ipsius
281 2026 340 2078 A,
361 2025 427 2066 vel
452 2026 495 2065 in
531 2025 572 2064 A
607 2030 702 2065 toto
734 2030 947 2077 quantum
981 2024 1037 2064 ad
1071 2037 1164 2064 esse
1195 2022 1464 2072 absolutum,
1497 2028 1544 2062 ut
1572 2021 1641 2062 hic

116 2096 334 2148 loquimur
368 2094 486 2147 quod
521 2106 615 2133 esse
652 2093 848 2145 sequitur
888 2092 1259 2144 complementum
1304 2091 1540 2131 existencie
1582 2090 1639 2130 rei

116 2164 377 2218 generande.
440 2161 624 2215 Semper
653 2162 768 2201 enim
802 2167 905 2200 ante
933 2159 1135 2201 ultimum
1165 2160 1347 2209 exitum,
1374 2158 1640 2210 completum

119 2235 162 2274 in
187 2247 279 2274 esse
311 2230 662 2272 denominabitur
695 2228 855 2270 mobile
885 2243 910 2269 a
940 2242 1025 2268 non
1053 2227 1057 2282 Ι
1086 2241 1180 2269 6556
1211 2228 1378 2267 termini
1409 2227 1464 2267 ad
1497 2240 1643 2279 quem,
1663 2241 1706 2271 D.
1723 2239 1764 2279 69
1784 2240 1813 2269 1„

60 2317 99 2347 30
118 2303 221 2356 quia
247 2301 440 2341 nondum
475 2299 612 2340 exivit
645 2299 687 2338 in
719 2311 824 2346 esse,
851 2304 915 2337 set
949 2302 1014 2337 est
1046 2297 1088 2336 in
1119 2297 1189 2336 via
1218 2296 1274 2337 ad
1306 2296 1486 2335 exitum.
1549 2295 1642 2334 Nec

118 2371 261 2413 adhuc
292 2369 483 2423 possedit
517 2367 679 2408 mobile
710 2366 902 2419 quietem
933 2366 1032 2418 (in)
1064 2378 1157 2405 esse
1184 2362 1188 2418 Ι
1218 2364 1351 2416 ipsius
1381 2364 1552 2403 termini
1587 2364 1639 2403 ad
1665 2376 1743 2417 751)
1765 2385 1791 2405 2.

121 2453 266 2494 quem,
288 2439 389 2479 licet
411 2443 557 2491 partes
587 2434 825 2476 divisibiles
848 2434 980 2487 ipsius
999 2447 1091 2474 esse
1113 2434 1313 2486 adquirat
1340 2445 1503 2473 omneS.
1567 2429 1645 2471 Set

122 2520 216 2547 esse
238 2518 324 2545 non
343 2504 519 2558 ponitur
541 2504 582 2542 in
605 2501 747 2555 specie
770 2507 813 2540 et
837 2501 878 2540 in
900 2506 999 2540 actu
1024 2499 1103 2540 nisi
1127 2505 1227 2551 post
1250 2505 1418 2538 motum
1442 2504 1485 2537 et
1507 2503 1644 2537 trans-

123 2574 415 2614 mutacionem
432 2579 474 2612 et
490 2584 566 2625 per
579 2571 772 2623 quietem
789 2568 962 2609 mobilis
977 2568 1019 2607 in
1034 2568 1220 2608 termino
1235 2567 1290 2606 ad
1305 2580 1450 2618 quem.
1488 2564 1646 2605 Secure

63 2657 100 2687 35
123 2643 252 2697 igitur
276 2646 420 2694 potest
442 2640 526 2681 dici
549 2640 591 2678 in
621 2637 815 2679 terminis
840 2636 1195 2690 permanentibus
1224 2635 1375 2687 incipit
1407 2647 1499 2674 esse
1528 2635 1646 2685 quod

166 2747 185 2767 2
209 2734 468 2775 transmutetur]
485 2733 724 2765 transmutacio
741 2731 776 2762 D
863 2733 884 2762 6
907 2730 1130 2771 generandis]
1142 2729 1376 2770 generacionis
1393 2728 1427 2757 D
1515 2728 1557 2758 28
1580 2728 1648 2757 exi-

121 2793 192 2819 tum
209 2799 275 2819 om,
294 2787 329 2817 D
462 2796 500 2825 31
528 2784 697 2825 possedit]
721 2784 827 2823 possit
845 2783 879 2813 D
