1877 3131
968 109 1047 150 188

236 227 498 269 continentis
520 224 755 274 immobile,
774 225 935 278 accipit
949 224 1092 265 locum
1115 224 1352 265 secundum
1370 238 1465 266 esse
1488 225 1769 278 potissimum

236 297 339 350 ejus,
369 304 412 338 et
448 296 509 336 sic
542 295 754 349 accipitur
787 294 928 349 primo
961 295 1105 343 modo,
1140 294 1243 346 quia
1276 294 1483 335 diffinicio
1515 295 1607 335 dari
1637 294 1772 335 debet

236 366 477 408 secundum
510 378 604 405 esse
635 363 925 417 potissimum,
949 368 991 403 et
1023 369 1172 404 tamen
1203 363 1512 404 nichilominus
1543 363 1615 405 alii
1647 362 1767 403 modi

236 441 338 476 sunt
367 433 595 475 necessarii
621 439 798 486 propter
828 438 996 472 motum
1029 438 1072 472 et
1102 431 1294 484 quietem
1318 431 1514 482 localem,
1538 438 1586 473 ut
1618 443 1772 472 exem-

238 500 478 554 plificatum
503 506 580 540 est.
1792 520 1809 552 5

295 569 428 623 Quod
443 575 590 610 autem
609 568 742 621 aliqui
761 569 991 621 imponunt
1008 566 1247 620 Averroys‚
1263 567 1381 620 quod
1400 573 1599 608 centrum
1619 567 1768 607 mundi

197 649 199 651 ’
237 645 304 680 est
324 638 446 680 locus
468 637 558 687 celi,
581 650 669 678 non
696 637 840 689 placet
872 636 1012 685 michi,
1034 636 1137 689 quia
1159 635 1279 676 nullo
1306 636 1439 676 modo
1465 635 1607 676 celum
1637 641 1704 676 est
1726 635 1769 674 in

86 2018 210 2059 53b2.

236 714 398 755 centro,
420 713 486 747 set
509 705 618 746 alico
641 706 774 746 modo
796 705 986 746 locatum
1013 711 1078 746 est
1100 704 1142 744 in
1169 704 1277 752 loco,
1300 711 1344 745 et
1366 704 1477 753 ideo,
1499 718 1598 745 cum
1622 709 1767 757 partes

235 775 313 817 celi
332 775 418 816 sint
437 775 479 814 in
496 775 714 827 aliquibus
733 774 1000 826 respectibus
1016 774 1071 814 ad
1091 780 1301 823 centrum,
1318 773 1559 814 secundum
1581 786 1769 826 quorum

237 844 507 884 mutaciones
536 848 682 896 partes
708 843 790 883 celi
820 842 964 882 locum
991 842 1193 882 dicuntur
1225 847 1405 891 mutare,
1427 842 1508 882 erit
1533 841 1604 882 ille
1627 854 1768 894 respe—
1796 864 1831 886 ιο
1867 856 1869 882 3

236 920 329 954 ctus
362 913 418 953 ad
453 918 648 952 centrum
682 911 818 962 locus,
847 918 890 951 et
926 924 1013 951 non
1049 917 1263 951 centrum.
1325 911 1476 951 Partes
1512 911 1644 964 igitur
1679 909 1773 958 celi,
1866 898 1867 901 ¹

235 982 337 1035 quia
377 988 478 1021 sunt
515 981 557 1020 in
600 980 868 1033 respectibus
909 980 1089 1019 diversis
1130 980 1187 1020 ad
1222 985 1433 1029 centrum,
1469 979 1635 1020 habent
1678 979 1773 1020 loca

234 1052 402 1091 diversa
433 1055 476 1090 et
504 1055 687 1097 motum,
711 1055 754 1088 et
786 1048 987 1088 similiter
1012 1048 1047 1087 si
1076 1049 1344 1100 quiesceret3
1377 1055 1420 1089 et
1450 1047 1591 1089 celum
1625 1053 1768 1089 totum

235 1119 369 1159 habet
395 1132 472 1171 per
496 1131 543 1158 se
573 1131 706 1157 unum
739 1123 987 1170 respectum
1018 1117 1075 1156 ad
1103 1122 1316 1166 centrum,
1339 1117 1539 1169 quamvis
1560 1130 1638 1170 per
1660 1117 1768 1158 acci-

235 1188 352 1235 dens,
387 1186 563 1237 scilicet,
595 1200 671 1240 per
699 1185 980 1226 habitudines
1016 1185 1210 1226 diversas
1246 1186 1440 1238 parcium
1473 1185 1527 1226 ad
1560 1191 1770 1237 centrum,
1793 1211 1827 1243 15
1867 1192 1869 1194 ’

234 1262 282 1296 ut
311 1262 411 1297 sunt
443 1255 485 1295 in
513 1260 621 1305 toto,
645 1255 806 1295 habeat
837 1260 980 1294 totum
1013 1253 1154 1294 celum
1187 1254 1382 1295 diversos
1414 1259 1638 1307 respectus
1669 1254 1771 1307 quia

233 1332 451 1378 respectus
487 1324 679 1376 parcium
715 1324 858 1375 primo
895 1328 937 1363 et
972 1336 1050 1376 per
1082 1336 1128 1363 se
1163 1329 1368 1373 mutatur,
1390 1328 1434 1364 et
1465 1336 1543 1376 per
1573 1323 1771 1364 accidens

233 1399 456 1446 respectus
478 1392 617 1432 tocius
639 1392 842 1431 variatur.
908 1389 1021 1430 Cum
1044 1391 1124 1431 hiis
1151 1391 1376 1431 sciendum
1408 1398 1484 1440 est,
1506 1392 1624 1445 quod
1649 1391 1770 1433 locus

232 1462 392 1503 dicitur
428 1461 571 1501 adhuc
610 1459 920 1513 multipliciter,
952 1459 1128 1509 scilicet,
1162 1459 1279 1500 locus
1316 1460 1538 1508 naturalis,
1570 1466 1614 1501 et
1648 1460 1769 1501 locus

231 1530 456 1579 violentus,
479 1534 522 1569 et
545 1528 666 1569 locus
688 1535 735 1568 ut
760 1541 848 1576 vas,
872 1534 914 1567 et
942 1528 1212 1581 compositus
1238 1541 1294 1568 ex
1321 1527 1539 1580 aliquibus
1568 1529 1767 1569 istorum.
1791 1551 1828 1574 20
1868 1558 1869 1586 3

232 1599 377 1638 Locus
415 1597 626 1638 naturalis
658 1602 722 1636 est
756 1596 949 1649 ipsorum
982 1609 1215 1650 corporum
1251 1597 1513 1650 simplicium
1547 1611 1632 1650 que
1668 1605 1768 1639 sunt

231 1673 376 1720 partes
400 1667 551 1707 mundi
575 1665 845 1718 principales,
876 1671 923 1705 ut
953 1664 1047 1706 loca
1069 1665 1387 1706 elementorum
1420 1672 1463 1706 et
1494 1665 1700 1716 celorum,
1725 1673 1768 1707 et

232 1736 390 1776 dicitur
423 1734 629 1776 naturalis
662 1735 703 1774 in
736 1734 817 1774 hac
849 1734 1075 1779 divisione,
1106 1734 1209 1786 quia
1241 1733 1381 1774 salvat
1414 1748 1540 1775 suum
1574 1735 1766 1776 locatum

233 1818 310 1857 per
335 1818 460 1844 suam
487 1804 692 1844 virtutem
724 1801 982 1849 mirabilem,
1005 1803 1060 1842 de
1087 1816 1173 1855 qua
1203 1802 1466 1844 Aristoteles
1492 1803 1609 1853 dicit,
1637 1804 1767 1844 mira-

233 1872 329 1913 bilis
360 1879 425 1913 est
459 1872 659 1925 potencia
703 1871 784 1912 loci
819 1884 904 1924 qua
947 1871 1291 1924 unumquodque
1323 1871 1456 1911 habet
1498 1878 1671 1913 tantum
1713 1874 1768 1914 de
1789 1894 1824 1926 25
1868 1882 1870 1887 '

232 1941 383 1990 forma,
409 1948 621 1994 quantum
644 1940 700 1980 de
723 1939 847 1988 loco,
880 1953 932 1979 eo
959 1939 1080 1991 quod
1112 1940 1349 1980 secundum
1381 1940 1655 1981 nobilitatem
1684 1940 1766 1982 loci
1867 1933 1870 1940 ’

232 2016 296 2050 est
330 2010 568 2050 nobilitatis
601 2008 739 2049 forme
771 2008 830 2048 rei
863 2008 1016 2057 locate,
1046 2013 1092 2048 ut
1126 2008 1236 2060 ignis
1275 2007 1279 2062 Ι
1321 2015 1386 2050 est
1418 2009 1603 2050 nobilior
1633 2023 1766 2062 quam

233 2086 356 2127 terra,
390 2079 492 2130 quia
529 2078 616 2131 igni
652 2077 835 2118 debetur
873 2076 1173 2117 universaliter
1207 2077 1328 2117 locus
1362 2078 1560 2126 nobilior,
1592 2077 1766 2127 scilicet,

232 2147 274 2185 in
311 2147 584 2186 concavitate
617 2146 732 2186 orbis
766 2145 881 2195 lune,
903 2151 947 2185 et
978 2151 1091 2185 terre
1113 2144 1235 2185 locus
1267 2152 1332 2186 est
1364 2146 1613 2187 concavitas
1642 2160 1765 2200 aque.
1856 2191 1858 2195 ‚

233 2213 434 2267 Qualiter
476 2221 624 2254 tamen
668 2213 930 2254 certificetur
974 2213 1097 2253 locus
1138 2219 1262 2261 terre,
1302 2220 1481 2266 propter
1521 2214 1604 2255 hoc
1645 2214 1765 2267 quod
1786 2237 1857 2268 301

232 2282 496 2323 Aristoteles
531 2282 768 2335 aliquando
801 2282 904 2322 dicit
936 2287 1133 2321 centrum
1167 2282 1318 2321 mundi
1353 2296 1447 2322 esse
1479 2282 1623 2323 locum
1660 2283 1765 2336 ejus,
1856 2273 1857 2279 ¹

233 2351 574 2391 considerabitur
595 2357 694 2403 post
714 2350 756 2389 in
778 2356 979 2400 tractatu,
998 2350 1070 2389 ubi
1093 2350 1147 2390 de
1170 2348 1266 2389 loco
1289 2350 1331 2389 in
1352 2350 1601 2404 particulari
1624 2351 1766 2392 deter-

233 2420 429 2459 minatur.
483 2419 627 2459 Locus
649 2419 865 2459 violentus
879 2418 1002 2458 estin
1022 2431 1109 2470 quo
1127 2416 1363 2458 collocatur
1379 2425 1531 2459 contra
1549 2425 1766 2470 naturam,

234 2494 276 2527 ct
301 2488 412 2536 ideo,
435 2487 493 2527 ibi
522 2487 653 2528 cicius
677 2487 979 2538 corrumpitur,
1001 2492 1048 2525 ut
1071 2492 1183 2526 terra
1205 2499 1390 2535 sursum,
1414 2488 1765 2541 quandocunque

275 2578 295 2606 6
319 2576 422 2616 aliqui
440 2587 506 2606 om.
526 2576 560 2605 D
718 2585 756 2613 13
781 2580 814 2605 et
831 2574 975 2614 motum]
994 2574 1026 2604 in
1044 2578 1136 2605 motu
1153 2573 1217 2604 FD
1367 2577 1405 2605 16
1429 2576 1522 2616 quia]
1540 2577 1582 2607 ad
1599 2582 1761 2616 centrum,

236 2631 268 2656 ct
292 2627 337 2658 ita
363 2628 496 2658 diversa
524 2628 597 2657 loca
625 2637 685 2666 per
711 2627 847 2656 modum
875 2626 1079 2665 continuum,
1109 2635 1170 2664 per
1194 2626 1283 2664 quod
1312 2626 1344 2655 F
1478 2637 1580 2666 19-21
1607 2633 1641 2658 et
1668 2628 1765 2659 locus

235 2678 402 2709 violentus
421 2702 428 2709 .
448 2703 454 2709 .
473 2702 480 2710 .
500 2679 661 2709 naturalis
678 2689 744 2708 om.
764 2677 798 2707 D
961 2686 1002 2715 27
1026 2676 1078 2717 ut]
1097 2677 1186 2707 unde
1202 2676 1267 2706 FD
1441 2679 1483 2708 28
1507 2678 1762 2719 universaliter]

235 2729 432 2759 naturaliter
448 2729 512 2759 FD
610 2739 650 2768 33
675 2733 792 2759 contra
809 2727 979 2768 naturam]
997 2727 1126 2767 aliquid
1143 2732 1260 2758 contra
1278 2728 1329 2759 sui
1347 2733 1499 2759 naturam
1515 2729 1550 2758 D
1653 2740 1695 2769 34
1720 2730 1763 2760 ibi

233 2780 353 2819 cicius]
372 2790 424 2810 me
443 2780 472 2809 F
