1898 3126
819 151 900 203 285

92 263 243 304 decem
285 263 413 316 igitur
463 263 641 305 inolevit
689 263 850 319 olpinio
903 278 978 317 per
1029 264 1250 304 hominem
1295 276 1520 303 erroneum
1563 270 1604 304 et
1623 271 1702 302 821)
1722 283 1747 303 2.

91 332 305 373 famosum
341 333 456 385 quod
495 340 597 373 ante
628 333 820 373 animam
858 333 1118 373 racionalcrn
1156 333 1490 385 presupponitur
1526 332 1605 372 dif-

91 401 275 441 ferencia
300 401 600 441 substancialis
622 402 820 454 specifica
843 403 999 443 educta
1021 401 1076 441 de
1098 401 1299 454 potencia
1323 401 1500 441 materie
1522 414 1606 453 que

93 470 216 523 ponit
237 469 459 511 hominem
481 470 562 510 sub
588 470 732 523 specie
760 470 971 518 animalis,
995 470 1055 510 ita
1081 469 1197 522 quod
1232 468 1493 510 intellectiva
1521 482 1607 509 non

53 558 70 587 5
94 538 224 579 faciat
254 539 347 585 hoc,
376 545 441 579 set
474 539 619 579 anima
652 539 856 579 sensitiva
891 539 1091 592 specialis
1129 537 1279 579 addita
1315 537 1370 577 ad
1408 543 1605 578 naturam

93 607 344 649 sensitivam
367 607 566 648 animalis
589 621 879 657 communem,
898 608 1007 648 sicut
1024 608 1167 647 anima
1184 607 1389 648 sensitiva
1411 606 1608 660 specialis

95 677 198 717 asini
219 677 393 718 additur
413 690 542 729 super
562 676 876 717 animalitatem
895 683 941 717 ut
957 675 1033 717 fiat
1051 677 1194 716 asinus
1218 676 1382 729 species
1397 675 1606 717 animalis.

94 746 173 787 Set
205 746 320 786 istud
353 759 481 800 porro
507 752 573 787 est
601 752 752 786 contra
782 752 920 787 totam
946 745 1264 799 philosophiam
1287 744 1535 785 Aristotelis
1565 751 1607 784 et

92 815 287 856 omnium
328 821 564 856 auctorum.
632 815 748 854 Nam
787 820 829 855 et
871 815 963 867 ipse
1000 821 1042 854 et
1077 815 1141 854 sui
1174 807 1377 867 sequaces
1406 814 1607 854 dividunt

35 901 73 923 ιο
93 884 253 925 animal
275 898 350 938 per
378 884 629 925 immediata
663 883 704 923 in
735 883 946 924 racionale
971 890 1014 923 et
1040 882 1300 932 irracionale,
1323 889 1370 922 ut
1386 882 1608 924 ‚racionale

92 954 147 995 sit
170 954 411 995 differencia
439 953 640 1007 specifica
662 953 864 998 hominis,
887 953 965 993 nisi
994 953 1202 993 vellemus
1224 953 1385 993 addere
1412 952 1606 992 mortale.

97 1024 174 1065 Set
209 1032 311 1064 ante
345 1023 558 1064 racionale
600 1036 676 1063 nec
719 1022 966 1075 Porphirius
1008 1035 1084 1061 nec
1121 1021 1384 1062 Aristoteles
1419 1034 1495 1062 nec
1536 1021 1606 1061 alii

93 1100 261 1146 ponunt
293 1093 458 1145 aliquid
483 1099 627 1146 preter
657 1105 805 1145 genus.
870 1090 946 1131 Set
977 1091 1188 1131 racionale
1221 1098 1284 1130 est
1314 1090 1355 1130 in
1382 1090 1557 1130 homine
1582 1104 1607 1130 a

94 1162 186 1203 sola
218 1163 364 1203 anima
397 1161 670 1213 intellectiva,
708 1161 840 1214 igitur
876 1159 947 1200 illa
981 1160 1103 1213 ponit
1136 1159 1359 1200 hominem
1394 1159 1434 1199 in
1468 1159 1609 1212 specie

36 1247 72 1277 15
94 1231 304 1281 animalis,
339 1237 382 1271 et
417 1230 549 1271 nichil
587 1238 651 1272 est
685 1230 795 1270 inter
833 1243 928 1270 eam
967 1236 1009 1269 et
1046 1242 1196 1283 genus.
1261 1229 1373 1268 Item
1411 1241 1494 1268 una
1528 1227 1607 1268 dif-

97 1301 280 1342 ferencia
321 1300 520 1354 specifica
560 1300 714 1341 sufficit
754 1313 853 1339 cum
895 1312 1050 1352 genere
1082 1298 1288 1351 proximo
1320 1298 1375 1337 ad
1406 1297 1607 1350 speciem.

93 1371 210 1411 Nam
246 1370 429 1411 Boecius
470 1369 574 1411 dicit
610 1370 651 1409 in
688 1368 797 1409 libro
830 1368 1122 1417 Divisicmmn,
1155 1367 1234 1407 nisi
1279 1374 1391 1408 esset
1431 1366 1608 1420 penuria

91 1439 417 1490 vocabulorum,
462 1439 602 1479 omnis
642 1438 848 1479 diffinicio
889 1444 1106 1478 constaret
1148 1451 1203 1476 ex
1244 1450 1399 1489 genere
1440 1442 1484 1476 et
1525 1449 1609 1475 una

94 1508 353 1559 differencia,
378 1509 420 1549 id
444 1514 520 1558 est,
542 1521 599 1548 ex
621 1506 869 1547 differencia
891 1506 1061 1560 signata
1084 1519 1161 1558 per
1184 1518 1314 1545 unum
1336 1503 1608 1552 vocabulum,

35 1596 74 1617 20
94 1578 153 1619 ita
174 1578 292 1631 quod
315 1590 400 1618 non
423 1583 567 1618 essent
595 1577 676 1618 nisi
704 1576 791 1616 duo
817 1574 1028 1616 vocabula
1050 1574 1090 1614 in
1114 1573 1385 1625 diffinicione,
1408 1580 1454 1614 ut
1477 1586 1605 1613 unum

93 1647 147 1688 sit
178 1647 346 1700 generis
380 1653 424 1687 et
459 1645 644 1687 alterum
682 1638 931 1685 differencie.
990 1642 1078 1684 Sed
1113 1642 1317 1683 diffinicio
1352 1642 1512 1682 indicat
1551 1643 1606 1681 rei

92 1716 340 1768 essenciam‚
362 1730 465 1769 ergo
487 1729 571 1756 una
597 1715 846 1755 differencia
872 1713 1021 1754 addita
1045 1713 1190 1766 generi
1219 1712 1372 1752 sufficit
1405 1712 1458 1751 ad
1489 1725 1608 1751 com-

93 1785 298 1838 plendum
340 1784 542 1837 speciem.
605 1783 681 1824 Set
723 1796 807 1823 non
850 1789 916 1823 est
958 1781 1121 1834 species
1163 1781 1353 1820 humana
1393 1780 1608 1832 completa

91 1861 325 1907 antequam
357 1854 524 1894 embrio
556 1853 716 1893 habeat
747 1852 937 1891 animam
970 1849 1241 1899 racionalem,
1273 1863 1376 1903 ergo
1407 1862 1503 1888 cum
1535 1848 1607 1889 illa

36 1944 72 1972 25
93 1936 179 1963 non
213 1923 265 1964 sit
306 1935 454 1975 genus,
488 1921 743 1974 importabit
783 1918 1077 1960 differenciam
1118 1917 1361 1970 specificam
1406 1917 1605 1958 hominis.

95 1991 215 2045 Ergo
251 1991 334 2032 alia
369 2004 456 2031 non
485 1990 564 2031 erit
596 2003 673 2043 per
698 1989 900 2042 predicta,
928 1988 1030 2041 quia
1066 2000 1149 2028 una
1185 1987 1349 2027 sufficit.
1413 1985 1539 2037 Item,
1572 1987 1606 2026 si

93 2062 175 2102 ista
202 2060 452 2102 differencia
481 2059 580 2100 ficta
610 2058 736 2099 faciet
768 2058 990 2097 hominem
1022 2056 1065 2096 in
1097 2056 1240 2109 specie
1269 2055 1479 2105 animalis,
1505 2060 1605 2094 tunc

95 2129 312 2170 racionale
334 2142 422 2169 non
451 2128 579 2168 faciet
601 2135 666 2168 set
686 2127 850 2179 aliquid
882 2125 1014 2177 aliud,
1037 2125 1138 2178 quia
1170 2124 1381 2165 racionale
1403 2129 1467 2165 est
1489 2122 1605 2162 aliud

94 2199 135 2238 in
159 2198 346 2239 essencia
368 2211 498 2251 quam
518 2196 589 2237 illa
610 2195 868 2244 differenda,
891 2201 936 2235 ut
958 2194 1136 2248 planum
1166 2200 1240 2242 est,
1264 2206 1361 2233 cum
1393 2192 1447 2232 sit
1475 2192 1607 2232 sensi-

33 2286 75 2315 30
92 2268 193 2308 tiva.
256 2266 403 2319 Quero
435 2279 539 2319 ergo
570 2266 674 2318 quid
706 2264 831 2304 faciet
861 2262 1086 2311 racionale‚
1116 2268 1159 2302 et
1187 2261 1191 2316 Ι
1220 2262 1274 2302 de
1305 2275 1391 2314 quo
1418 2261 1607 2301 serviet?
1627 2267 1665 2307 83
1683 2278 1700 2297 a
1724 2278 1748 2297 ι.

96 2337 154 2377 Et
179 2349 314 2389 arguo
342 2336 429 2376 sic:
463 2334 605 2376 omnis
633 2332 880 2374 differencia
905 2332 1056 2373 addita
1085 2330 1233 2384 generi
1263 2330 1450 2383 speciem
1481 2329 1605 2370 facit:

93 2412 157 2446 set
179 2405 342 2458 species
363 2404 551 2444 hominis
566 2404 607 2443 in
625 2415 782 2456 genere
804 2401 1002 2442 animalis
1019 2399 1066 2440 fit
1084 2412 1158 2453 per
1171 2398 1466 2439 differenciam
1481 2404 1603 2439 natu-

94 2474 236 2515 raliter
262 2474 475 2519 eductam,
508 2478 555 2513 ut
587 2472 692 2513 dicit
721 2471 800 2511 hec
829 2470 1004 2524 posicio,
1037 2475 1080 2509 et
1110 2482 1190 2522 pro
1221 2466 1335 2507 nulla
1365 2466 1448 2507 alia
1478 2479 1607 2506 causa

93 2549 238 2597 posset
260 2542 472 2584 racionale
494 2541 608 2590 addi,
625 2541 704 2580 nisi
726 2541 781 2580 ad
803 2537 1155 2580 constituendum
1176 2536 1361 2590 speciem
1385 2534 1606 2585 animalis;

34 2629 74 2660 35
95 2625 197 2665 ergo
218 2625 315 2653 cum
337 2619 440 2653 ante
460 2611 515 2652 sit
536 2610 772 2651 constituta
795 2607 1009 2649 racionale
1035 2607 1188 2647 serviet
1210 2606 1265 2645 de
1290 2604 1462 2645 nichilo.

154 2680 201 2723 Si
219 2681 386 2722 dicatur
406 2679 523 2733 quod
546 2678 618 2719 illa
638 2692 722 2732 que
744 2677 999 2718 naturaliter
1016 2675 1229 2716 inducitur
1254 2681 1320 2715 est
1341 2674 1382 2713 in
1404 2673 1606 2727 potencia

97 2756 291 2803 respectu
314 2748 576 2791 intellective
597 2755 640 2789 et
663 2745 937 2798 incompleta,
952 2751 1053 2786 tunc
1075 2744 1266 2797 sequitur
1287 2743 1405 2796 quod
1429 2755 1516 2783 non
1540 2749 1605 2782 est

144 2847 180 2876 17
205 2836 462 2877 Divisionum]
480 2846 512 2876 p.
529 2838 588 2874 641
610 2835 679 2875 (ed.
692 2834 770 2864 Bas.
791 2833 900 2873 1570).
