1877 3131
950 141 1031 179 142

224 245 427 286 saciencia
459 245 844 297 predicamentum,
868 242 967 283 licet
996 243 1038 281 in
1067 241 1179 282 alico
1208 254 1365 294 genere
1397 240 1756 295 predicamentali

223 314 452 368 quodlibet
476 314 779 363 constituatur,
801 319 848 353 ut
881 317 945 352 est
977 324 1117 358 causa,
1140 316 1183 351 et
1216 309 1491 364 principium,
1522 316 1565 350 et
1597 323 1684 359 ens,
1713 316 1756 351 et

225 388 390 433 natura,
413 388 455 422 et
480 395 558 436 per
579 395 638 427 se,
661 387 704 422 et
726 380 937 434 potencia,
961 385 1003 419 et
1033 378 1220 430 finitum,
1242 384 1286 418 et
1315 379 1491 428 bonum,
1521 384 1564 419 et
1587 377 1758 429 falsum,

225 458 267 492 et
290 451 427 491 multa
448 464 532 504 que
555 450 613 491 ibi
641 448 882 503 distinguit.
946 447 1168 497 Similiter,
1191 446 1290 487 licet
1312 445 1525 488 vocabula
1546 459 1756 499 generum

223 519 647 573 generalissimorum
680 518 935 571 distinguat,
965 529 1051 556 non
1083 522 1232 556 tamen
1275 515 1486 563 omnium,
1520 528 1607 555 non
1640 515 1755 556 enim

223 588 450 640 distinguit
481 587 719 634 accionem,
751 599 830 626 nec
863 585 950 625 ubi.
1013 585 1073 625 Et
1106 584 1276 635 iterum,
1307 584 1504 637 quamvis
1545 583 1758 624 vocabula

224 656 646 709 predicamentorum
669 655 815 707 aliqua
836 654 1091 707 distinguat,
1112 659 1260 694 tamen
1289 652 1527 706 aliquando
1555 665 1641 693 non
1672 652 1758 692 dis-

223 724 384 777 tinguit
412 725 590 778 species,
612 728 677 763 set
704 722 1064 776 equivocaciones
1089 720 1288 761 vocabuli
1307 727 1349 762 et
1373 721 1528 762 modos
1550 720 1756 762 famosos,

225 798 271 832 ut
302 799 424 845 patet
456 792 497 832 in
530 792 721 845 capitulo
761 791 812 831 de
841 790 1098 838 substancia,
1131 788 1279 831 volens
1304 790 1423 843 quod
1453 803 1563 830 unus
1599 790 1757 830 modus

223 860 471 901 substancie
494 866 558 900 est
581 860 821 900 secundum
845 859 961 912 quod
986 858 1198 911 accipitur
1220 859 1471 900 substancia
1495 858 1538 899 in
1560 858 1752 912 predica-

226 935 372 969 mento
395 928 653 977 substancie,
678 935 723 969 ut
745 935 858 968 terra
881 941 995 980 aqua
1017 934 1060 968 et
1082 926 1348 980 hujusmodi,
1376 933 1418 968 et
1441 926 1542 968 licet
1564 927 1648 967 ista
1670 927 1757 968 sint

224 998 385 1050 species
417 997 677 1045 substancie,
699 1003 848 1037 tamen
881 996 1004 1050 ponit
1038 996 1118 1037 hec
1150 995 1357 1048 exempla
1389 1009 1468 1049 pro
1500 996 1633 1037 modo
1671 1009 1758 1035 uno

224 1066 480 1113 substancie‚
497 1072 540 1105 et
556 1079 641 1105 non
658 1071 704 1105 ut
720 1065 885 1106 dividat
900 1065 1194 1106 substanciam
1214 1065 1255 1105 in
1271 1064 1459 1119 species3
1477 1064 1595 1118 quod
1610 1070 1732 1117 patet
1754 1066 1757 1117 Ι

151 1155 155 1167 ι
176 1149 201 1170 2.
224 1134 326 1187 quia
346 1134 417 1174 alii
442 1134 559 1173 modi
590 1146 700 1185 quos
727 1134 853 1187 ponit
877 1133 1007 1174 nichil
1031 1134 1198 1174 faciunt
1227 1134 1283 1174 ad
1315 1134 1482 1187 species
1510 1132 1756 1174 substancie

224 1202 507 1256 accipiendas5
543 1208 587 1242 et
627 1203 688 1242 sic
730 1208 795 1243 est
838 1202 893 1243 de
938 1203 1142 1242 omnibus
1175 1201 1261 1242 fere
1301 1201 1525 1242 vocabulis
1560 1201 1756 1254 predica-

225 1277 485 1312 mentorum.
550 1270 750 1311 Maxime
769 1272 884 1311 enim
900 1271 1075 1325 proprie
1097 1271 1327 1324 distinguit
1341 1270 1505 1324 species
1520 1269 1757 1323 qualitatis,

226 1352 390 1391 ponens
413 1339 484 1379 illa
502 1346 690 1392 quatuor
705 1353 864 1391 genera
885 1354 969 1393 que
988 1341 1029 1379 in
1043 1339 1392 1380 Predicamenlis
1408 1340 1553 1392 posita
1574 1344 1689 1389 sunt,
1713 1346 1756 1380 et

225 1407 323 1447 licet
346 1414 481 1459 ponat
499 1408 662 1460 species
684 1408 851 1461 aliquas
869 1409 910 1448 in
930 1408 1240 1462 distinguendo
1258 1408 1758 1460 predicamenta‚tamen

226 1476 352 1528 ponit
374 1489 543 1529 semper
565 1476 673 1517 alios
697 1477 855 1517 modos
877 1477 951 1529 qui
984 1490 1071 1517 non
1102 1483 1202 1517 sunt
1224 1476 1401 1529 species,
1424 1483 1471 1517 ut
1494 1484 1560 1519 est
1590 1477 1754 1530 primus

228 1545 381 1584 modus
422 1544 657 1596 qualitatis,
699 1559 782 1598 que
838 1552 901 1586 est
956 1545 1207 1586 differencia
1259 1544 1462 1598 specifica
1513 1545 1793 1598 cujuslibet,2

226 1613 461 1653 secundum
505 1614 621 1665 quod
666 1614 824 1654 dicitur
866 1614 983 1668 prius
1025 1614 1067 1654 in
1110 1613 1250 1666 quale,
1300 1627 1386 1654 non
1429 1614 1472 1654 in
1495 1614 1615 1667 quid.
1696 1614 1756 1654 Et

228 1687 406 1734 propter
438 1682 519 1722 hoc
551 1682 785 1723 dicendum
817 1689 882 1723 est
915 1685 1034 1736 quod
1058 1683 1117 1723 ibi
1140 1683 1365 1736 distinguit
1396 1683 1564 1736 species
1585 1683 1760 1736 quanti-

227 1751 329 1790 tatis
350 1751 585 1790 secundum
613 1752 766 1791 modos
789 1751 993 1801 famosos,
1016 1765 1202 1805 quorum
1226 1750 1358 1804 aliqui
1381 1758 1481 1792 sunt
1505 1752 1546 1791 in
1562 1751 1755 1804 predica-

228 1826 374 1858 mento
399 1820 667 1870 quantitatis,
686 1820 796 1861 sicut
812 1820 987 1872 species,
1004 1820 1075 1861 alii
1091 1833 1177 1860 non
1192 1826 1311 1868 sunt3
1336 1825 1379 1859 et
1400 1820 1510 1870 ideo,
1524 1820 1623 1861 dico
1638 1821 1755 1873 quod

1777 532 1794 564 5

1780 874 1818 896 10

1780 1215 1817 1248 15

229 1893 373 1927 motus
415 1900 499 1927 non
541 1889 720 1941 ponitur
753 1888 814 1929 ibi
848 1902 928 1942 pro
965 1889 1111 1941 specie
1148 1889 1418 1941 quantitatis,
1455 1889 1557 1941 quia
1594 1902 1755 1930 nomen
1779 1901 1817 1934 25

228 1955 482 2007 quantitatis
500 1969 584 1995 non
599 1957 807 2010 accipitur
823 1957 882 1997 ibi
906 1970 985 2010 pro
999 1970 1159 2010 genere
1179 1955 1502 2010 generalissimo
1517 1957 1755 1998 dividendo

230 2023 270 2062 in
293 2024 471 2076 species,
493 2031 558 2064 set
575 2039 652 2078 pro
670 2025 846 2066 nomine
864 2026 1076 2078 equivoco
1093 2025 1329 2066 dividendo
1348 2025 1390 2065 in
1414 2038 1492 2066 sua
1514 2025 1757 2080 significata

229 2098 271 2131 et
304 2093 461 2132 modos
492 2092 709 2142 famosos3
741 2100 784 2134 et
810 2095 910 2135 ideo
936 2095 1121 2136 sumitur
1148 2093 1206 2134 ibi
1229 2095 1449 2146 quantitas
1472 2095 1759 2136 communiter

228 2160 282 2200 ad
309 2167 521 2213 quantum
551 2168 594 2202 et
627 2163 682 2202 ad
711 2163 1015 2215 quantitatem.
1080 2164 1138 2204 Et
1161 2164 1262 2216 quia
1288 2164 1429 2205 omnis
1450 2164 1671 2216 quantitas
1692 2169 1758 2204 est

229 2235 404 2281 quanta,
427 2236 468 2270 et
495 2243 581 2270 non
613 2244 743 2271 omne
772 2237 986 2284 quantum
1015 2239 1080 2273 est
1109 2233 1344 2285 quantitas,
1368 2232 1465 2272 ideo
1496 2237 1642 2284 potest
1672 2232 1756 2273 dici
1777 2243 1818 2273 30

230 2298 347 2349 quod
388 2310 547 2337 nomen
589 2299 849 2351 quantitatis
887 2301 1075 2341 sumitur
1117 2301 1175 2341 ibi
1228 2314 1306 2354 pro
1358 2306 1540 2353 quanto,
1571 2300 1661 2341 sive
1703 2301 1758 2340 sit

270 2428 291 2456 9
315 2421 359 2449 de
377 2420 608 2460 substancia]
626 2420 684 2453 i.e.
704 2420 779 2452 Met.
798 2433 827 2453 v.
849 2432 886 2462 15
903 2433 975 2463 sqq.
1079 2434 1116 2462 17
1138 2423 1450 2464 Predieamentis]
1469 2423 1502 2454 ii.
1520 2433 1549 2454 c.
1566 2423 1588 2462 i,
1606 2423 1648 2455 iv.

273 2537 303 2566 5,
323 2539 339 2567 7
364 2528 562 2570 distinguat]
581 2529 757 2569 distinguit
772 2531 805 2561 F
979 2534 1000 2563 6
1024 2533 1097 2574 ubi]
1115 2533 1208 2564 verbi
1226 2533 1258 2563 F
1430 2543 1447 2571 7
1472 2532 1598 2574 aliqua]
1616 2533 1700 2564 alico
1718 2534 1760 2565 M

229 2579 249 2608 8
273 2579 566 2621 equix-ocaciones]
585 2582 807 2613 evocaciones
823 2583 855 2612 F
985 2594 1023 2615 10
1046 2584 1239 2615 substancia
1257 2595 1323 2616 om.
1343 2584 1376 2614 F
1508 2594 1557 2625 11,
1580 2595 1618 2615 12
1643 2590 1678 2616 ut
1695 2609 1702 2617 .
1721 2610 1727 2615 .
1749 2609 1755 2616 .

229 2630 422 2660 substancie
439 2642 505 2663 om.
527 2632 558 2662 F
679 2643 717 2672 13
742 2638 776 2664 ut
794 2634 936 2674 dividat]
955 2635 1071 2666 dividit
1088 2635 1122 2665 D
1247 2645 1348 2675 13-15
1373 2636 1462 2675 quod
1479 2641 1572 2676 patet
1589 2659 1596 2667 .
1616 2659 1624 2667 .
1646 2661 1653 2668 .
1670 2637 1757 2668 acci-

230 2680 373 2718 piendas
389 2692 457 2712 om.
474 2681 508 2711 D
610 2693 648 2721 14
672 2684 765 2724 quia]
784 2685 874 2723 quod
890 2685 923 2714 F
1008 2687 1047 2716 16
1071 2686 1265 2727 distinguit]
1287 2687 1477 2725 distingunt
1494 2687 1527 2717 F
1608 2697 1648 2717 21
1675 2687 1757 2718 diei-

229 2735 283 2760 tur
299 2731 408 2772 prius]
427 2732 568 2763 dicimus
585 2735 674 2772 quod
691 2735 886 2765 differencia
904 2736 1097 2775 predicatur
1113 2737 1175 2768 FD
1263 2737 1378 2778 quale]
1397 2749 1462 2777 qua
1479 2737 1513 2768 D
1632 2748 1672 2769 22
1696 2738 1758 2780 ibi]

231 2791 297 2811 non
314 2782 346 2811 F
473 2793 514 2822 25
539 2784 631 2825 quia]
648 2790 699 2816 set
716 2786 750 2816 F
