<?xml version="1.0" encoding="UTF-8"?>
<!DOCTYPE html PUBLIC "-//W3C//DTD XHTML 1.0 Transitional//EN"
    "http://www.w3.org/TR/xhtml1/DTD/xhtml1-transitional.dtd">
<html xmlns="http://www.w3.org/1999/xhtml" xml:lang="en" lang="en">
 <head>
  <title>
</title>
<meta http-equiv="Content-Type" content="text/html;charset=utf-8" />
  <meta name='ocr-system' content='tesseract 3.04.00' />
  <meta name='ocr-capabilities' content='ocr_page ocr_carea ocr_par ocr_line ocrx_word'/>
</head>
<body>
  <div class='ocr_page' id='page_1' title='image "./operahactenusine03baco_0099.png"; bbox 0 0 1898 3126; ppageno 0'>
   <div class='ocr_carea' id='block_1_1' title="bbox 854 84 932 126">
    <p class='ocr_par' dir='ltr' id='par_1_1' title="bbox 854 84 932 126">
     <span class='ocr_line' id='line_1_1' title="bbox 854 84 932 126; baseline 0.013 -14"><span class='ocrx_word' id='word_1_1' title='bbox 854 84 932 126; x_wconf 69' lang='lat'>223</span> 
     </span>
    </p>
   </div>
   <div class='ocr_carea' id='block_1_2' title="bbox 62 182 1797 2501">
    <p class='ocr_par' dir='ltr' id='par_1_2' title="bbox 62 182 1797 2501">
     <span class='ocr_line' id='line_1_2' title="bbox 122 182 1653 241; baseline -0.004 -13"><span class='ocrx_word' id='word_1_2' title='bbox 122 189 299 229; x_wconf 82' lang='lat' dir='ltr'>dantem</span> <span class='ocrx_word' id='word_1_3' title='bbox 353 186 605 241; x_wconf 90' lang='lat' dir='ltr'>oppositum</span> <span class='ocrx_word' id='word_1_4' title='bbox 657 185 872 237; x_wconf 85' lang='lat' dir='ltr'>contingit</span> <span class='ocrx_word' id='word_1_5' title='bbox 923 183 1104 224; x_wconf 89' lang='lat' dir='ltr'>solvere.</span> <span class='ocrx_word' id='word_1_6' title='bbox 1189 184 1266 224; x_wconf 82' lang='lat' dir='ltr'>Set</span> <span class='ocrx_word' id='word_1_7' title='bbox 1319 184 1461 223; x_wconf 82' lang='lat' dir='ltr'>adhuc</span> <span class='ocrx_word' id='word_1_8' title='bbox 1505 182 1653 236; x_wconf 86' lang='lat' dir='ltr'>pulcre</span> 
     </span>
     <span class='ocr_line' id='line_1_3' title="bbox 123 252 1651 308; baseline -0.003 -13"><span class='ocrx_word' id='word_1_9' title='bbox 123 256 318 308; x_wconf 82' lang='lat' dir='ltr'>arguitur</span> <span class='ocrx_word' id='word_1_10' title='bbox 367 267 552 294; x_wconf 83' lang='lat' dir='ltr'>vacuum</span> <span class='ocrx_word' id='word_1_11' title='bbox 604 266 681 305; x_wconf 91' lang='lat' dir='ltr'>per</span> <span class='ocrx_word' id='word_1_12' title='bbox 745 252 1100 304; x_wconf 88' lang='lat' dir='ltr'>conjunccionem</span> <span class='ocrx_word' id='word_1_13' title='bbox 1169 252 1356 291; x_wconf 81' lang='lat' dir='ltr'>duorum</span> <span class='ocrx_word' id='word_1_14' title='bbox 1420 264 1651 303; x_wconf 84' lang='lat' dir='ltr'>corporum</span> 
     </span>
     <span class='ocr_line' id='line_1_4' title="bbox 121 319 1653 376; baseline -0.003 -14"><span class='ocrx_word' id='word_1_15' title='bbox 121 324 348 376; x_wconf 88' lang='lat' dir='ltr'>planorum</span> <span class='ocrx_word' id='word_1_16' title='bbox 386 323 478 362; x_wconf 90' lang='lat' dir='ltr'>sine</span> <span class='ocrx_word' id='word_1_17' title='bbox 512 321 658 362; x_wconf 91' lang='lat' dir='ltr'>medio</span> <span class='ocrx_word' id='word_1_18' title='bbox 695 321 889 373; x_wconf 89' lang='lat' dir='ltr'>corporis</span> <span class='ocrx_word' id='word_1_19' title='bbox 923 320 1156 368; x_wconf 78' lang='lat' dir='ltr'>naturalis;</span> <span class='ocrx_word' id='word_1_20' title='bbox 1204 326 1247 360; x_wconf 88' lang='lat' dir='ltr'>et</span> <span class='ocrx_word' id='word_1_21' title='bbox 1288 320 1374 359; x_wconf 87' lang='lat' dir='ltr'>sint</span> <span class='ocrx_word' id='word_1_22' title='bbox 1416 319 1653 367; x_wconf 75' lang='lat' dir='ltr'>circularia,</span> 
     </span>
     <span class='ocr_line' id='line_1_5' title="bbox 121 388 1652 444; baseline -0.003 -12"><span class='ocrx_word' id='word_1_23' title='bbox 121 392 231 432; x_wconf 89' lang='lat' dir='ltr'>sicut</span> <span class='ocrx_word' id='word_1_24' title='bbox 254 391 383 444; x_wconf 88' lang='lat' dir='ltr'>prius,</span> <span class='ocrx_word' id='word_1_25' title='bbox 406 392 461 432; x_wconf 80' lang='lat' dir='ltr'>ad</span> <span class='ocrx_word' id='word_1_26' title='bbox 493 390 762 430; x_wconf 75' lang='lat' dir='ltr'>evidenciam</span> <span class='ocrx_word' id='word_1_27' title='bbox 788 388 1011 441; x_wconf 82' lang='lat' dir='ltr'>majorem.</span> <span class='ocrx_word' id='word_1_28' title='bbox 1077 389 1196 429; x_wconf 88' lang='lat' dir='ltr'>Pono</span> <span class='ocrx_word' id='word_1_29' title='bbox 1226 401 1328 440; x_wconf 82' lang='lat' dir='ltr'>ergo</span> <span class='ocrx_word' id='word_1_30' title='bbox 1351 389 1468 439; x_wconf 86' lang='lat' dir='ltr'>quod</span> <span class='ocrx_word' id='word_1_31' title='bbox 1493 395 1652 428; x_wconf 80' lang='lat' dir='ltr'>exeant</span> 
     </span>
     <span class='ocr_line' id='line_1_6' title="bbox 85 456 1652 510; baseline -0.004 -9"><span class='ocrx_word' id='word_1_32' title='bbox 85 477 101 507; x_wconf 84' lang='lat'>5</span> <span class='ocrx_word' id='word_1_33' title='bbox 122 461 207 501; x_wconf 90' lang='lat' dir='ltr'>due</span> <span class='ocrx_word' id='word_1_34' title='bbox 228 460 340 500; x_wconf 88' lang='lat' dir='ltr'>Iinee</span> <span class='ocrx_word' id='word_1_35' title='bbox 362 473 387 499; x_wconf 81' lang='lat' dir='ltr'>a</span> <span class='ocrx_word' id='word_1_36' title='bbox 409 459 567 499; x_wconf 81' lang='lat' dir='ltr'><strong>centris</strong></span> <span class='ocrx_word' id='word_1_37' title='bbox 589 471 740 498; x_wconf 89' lang='lat' dir='ltr'>eorum</span> <span class='ocrx_word' id='word_1_38' title='bbox 764 471 899 510; x_wconf 88' lang='lat' dir='ltr'>usque</span> <span class='ocrx_word' id='word_1_39' title='bbox 921 457 976 497; x_wconf 80' lang='lat' dir='ltr'>ad</span> <span class='ocrx_word' id='word_1_40' title='bbox 1000 457 1183 497; x_wconf 90' lang='lat' dir='ltr'>tercium</span> <span class='ocrx_word' id='word_1_41' title='bbox 1202 470 1359 509; x_wconf 91' lang='lat' dir='ltr'>corpus</span> <span class='ocrx_word' id='word_1_42' title='bbox 1377 456 1652 509; x_wconf 85' lang='lat' dir='ltr'>suppositum</span> 
     </span>
     <span class='ocr_line' id='line_1_7' title="bbox 122 526 1653 580; baseline -0.003 -11"><span class='ocrx_word' id='word_1_43' title='bbox 122 529 195 580; x_wconf 83' lang='lat' dir='ltr'>eis,</span> <span class='ocrx_word' id='word_1_44' title='bbox 217 534 261 568; x_wconf 92' lang='lat' dir='ltr'>et</span> <span class='ocrx_word' id='word_1_45' title='bbox 289 529 372 568; x_wconf 90' lang='lat' dir='ltr'>hoc</span> <span class='ocrx_word' id='word_1_46' title='bbox 401 528 729 580; x_wconf 82' lang='lat' dir='ltr'>equidistanter.</span> <span class='ocrx_word' id='word_1_47' title='bbox 795 526 904 566; x_wconf 90' lang='lat' dir='ltr'>Cum</span> <span class='ocrx_word' id='word_1_48' title='bbox 936 527 1068 578; x_wconf 81' lang='lat' dir='ltr'>igitur</span> <span class='ocrx_word' id='word_1_49' title='bbox 1093 526 1178 565; x_wconf 88' lang='lat' dir='ltr'>sint</span> <span class='ocrx_word' id='word_1_50' title='bbox 1208 526 1537 577; x_wconf 77' lang='lat' dir='ltr'>equidistantes,</span> <span class='ocrx_word' id='word_1_51' title='bbox 1568 537 1653 565; x_wconf 92' lang='lat' dir='ltr'>non</span> 
     </span>
     <span class='ocr_line' id='line_1_8' title="bbox 122 595 1650 650; baseline -0.004 -11"><span class='ocrx_word' id='word_1_52' title='bbox 122 604 383 639; x_wconf 87' lang='lat' dir='ltr'>concurrunt</span> <span class='ocrx_word' id='word_1_53' title='bbox 435 597 477 636; x_wconf 92' lang='lat' dir='ltr'>in</span> <span class='ocrx_word' id='word_1_54' title='bbox 528 602 740 650; x_wconf 89' lang='lat' dir='ltr'>punctum</span> <span class='ocrx_word' id='word_1_55' title='bbox 786 608 918 634; x_wconf 91' lang='lat' dir='ltr'>unum</span> <span class='ocrx_word' id='word_1_56' title='bbox 961 595 1003 633; x_wconf 95' lang='lat' dir='ltr'>in</span> <span class='ocrx_word' id='word_1_57' title='bbox 1045 595 1179 635; x_wconf 88' lang='lat' dir='ltr'>tercio</span> <span class='ocrx_word' id='word_1_58' title='bbox 1221 607 1411 647; x_wconf 86' lang='lat' dir='ltr'>corpore,</span> <span class='ocrx_word' id='word_1_59' title='bbox 1446 607 1562 646; x_wconf 78' lang='lat' dir='ltr'>ergo,</span> <span class='ocrx_word' id='word_1_60' title='bbox 1595 595 1650 633; x_wconf 83' lang='lat' dir='ltr'>ad</span> 
     </span>
     <span class='ocr_line' id='line_1_9' title="bbox 121 662 1651 716; baseline -0.003 -10"><span class='ocrx_word' id='word_1_61' title='bbox 121 667 315 715; x_wconf 79' lang='lat' dir='ltr'>diversa;</span> <span class='ocrx_word' id='word_1_62' title='bbox 349 672 414 706; x_wconf 86' lang='lat' dir='ltr'>set</span> <span class='ocrx_word' id='word_1_63' title='bbox 436 665 548 705; x_wconf 89' lang='lat' dir='ltr'>inter</span> <span class='ocrx_word' id='word_1_64' title='bbox 570 665 717 706; x_wconf 78' lang='lat' dir='ltr'>omnia</span> <span class='ocrx_word' id='word_1_65' title='bbox 747 670 908 716; x_wconf 81' lang='lat' dir='ltr'>puncta</span> <span class='ocrx_word' id='word_1_66' title='bbox 932 664 974 702; x_wconf 93' lang='lat' dir='ltr'>in</span> <span class='ocrx_word' id='word_1_67' title='bbox 997 664 1152 703; x_wconf 89' lang='lat' dir='ltr'>eodem</span> <span class='ocrx_word' id='word_1_68' title='bbox 1182 676 1362 716; x_wconf 89' lang='lat' dir='ltr'>corpore</span> <span class='ocrx_word' id='word_1_69' title='bbox 1389 663 1505 703; x_wconf 81' lang='lat' dir='ltr'>cadit</span> <span class='ocrx_word' id='word_1_70' title='bbox 1536 662 1651 702; x_wconf 81' lang='lat' dir='ltr'>linea</span> 
     </span>
     <span class='ocr_line' id='line_1_10' title="bbox 121 731 1649 788; baseline -0.003 -13"><span class='ocrx_word' id='word_1_71' title='bbox 121 735 266 776; x_wconf 83' lang='lat' dir='ltr'>media</span> <span class='ocrx_word' id='word_1_72' title='bbox 307 742 350 775; x_wconf 89' lang='lat' dir='ltr'>et</span> <span class='ocrx_word' id='word_1_73' title='bbox 391 748 490 788; x_wconf 82' lang='lat' dir='ltr'>pars</span> <span class='ocrx_word' id='word_1_74' title='bbox 533 733 722 786; x_wconf 93' lang='lat' dir='ltr'>corporis</span> <span class='ocrx_word' id='word_1_75' title='bbox 768 733 1021 785; x_wconf 80' lang='lat' dir='ltr'>intercepta,</span> <span class='ocrx_word' id='word_1_76' title='bbox 1072 746 1175 785; x_wconf 84' lang='lat' dir='ltr'>ergo</span> <span class='ocrx_word' id='word_1_77' title='bbox 1225 731 1423 772; x_wconf 86' lang='lat' dir='ltr'>similiter</span> <span class='ocrx_word' id='word_1_78' title='bbox 1470 731 1511 771; x_wconf 94' lang='lat' dir='ltr'>in</span> <span class='ocrx_word' id='word_1_79' title='bbox 1552 738 1649 771; x_wconf 86' lang='lat' dir='ltr'>ortu</span> 
     </span>
     <span class='ocr_line' id='line_1_11' title="bbox 64 799 1792 855; baseline -0.001 -11"><span class='ocrx_word' id='word_1_80' title='bbox 64 804 330 844; x_wconf 82' lang='lat' dir='ltr'>101inearum</span> <span class='ocrx_word' id='word_1_81' title='bbox 373 817 398 843; x_wconf 78' lang='lat' dir='ltr'>a</span> <span class='ocrx_word' id='word_1_82' title='bbox 444 803 604 843; x_wconf 83' lang='lat' dir='ltr'><strong>centris</strong></span> <span class='ocrx_word' id='word_1_83' title='bbox 647 802 727 842; x_wconf 88' lang='lat' dir='ltr'>erit</span> <span class='ocrx_word' id='word_1_84' title='bbox 766 799 989 855; x_wconf 73' lang='lat' dir='ltr'>dis}tancia</span> <span class='ocrx_word' id='word_1_85' title='bbox 1041 800 1277 854; x_wconf 79' lang='lat' dir='ltr'>corporalis</span> <span class='ocrx_word' id='word_1_86' title='bbox 1331 800 1490 840; x_wconf 80' lang='lat' dir='ltr'>media.</span> <span class='ocrx_word' id='word_1_87' title='bbox 1573 800 1649 840; x_wconf 77' lang='lat' dir='ltr'>Set</span> <span class='ocrx_word' id='word_1_88' title='bbox 1670 812 1792 851; x_wconf 71' lang='lat'>64:12.</span> 
     </span>
     <span class='ocr_line' id='line_1_12' title="bbox 120 869 1651 925; baseline -0.003 -12"><span class='ocrx_word' id='word_1_89' title='bbox 120 872 440 913; x_wconf 80' lang='lat' dir='ltr'>concedebatur</span> <span class='ocrx_word' id='word_1_90' title='bbox 462 878 504 912; x_wconf 87' lang='lat' dir='ltr'>et</span> <span class='ocrx_word' id='word_1_91' title='bbox 534 871 790 925; x_wconf 79' lang='lat' dir='ltr'>ponebatur,</span> <span class='ocrx_word' id='word_1_92' title='bbox 814 871 933 923; x_wconf 86' lang='lat' dir='ltr'>quod</span> <span class='ocrx_word' id='word_1_93' title='bbox 964 870 1022 909; x_wconf 90' lang='lat' dir='ltr'>ibi</span> <span class='ocrx_word' id='word_1_94' title='bbox 1049 883 1135 909; x_wconf 91' lang='lat' dir='ltr'>non</span> <span class='ocrx_word' id='word_1_95' title='bbox 1161 869 1240 909; x_wconf 84' lang='lat' dir='ltr'>fuit</span> <span class='ocrx_word' id='word_1_96' title='bbox 1270 873 1426 922; x_wconf 89' lang='lat' dir='ltr'>corpus</span> <span class='ocrx_word' id='word_1_97' title='bbox 1456 869 1651 909; x_wconf 79' lang='lat' dir='ltr'>naturale</span> 
     </span>
     <span class='ocr_line' id='line_1_13' title="bbox 118 938 1651 994; baseline -0.002 -13"><span class='ocrx_word' id='word_1_98' title='bbox 118 940 326 994; x_wconf 84' lang='lat' dir='ltr'>aliquod;</span> <span class='ocrx_word' id='word_1_99' title='bbox 355 954 469 993; x_wconf 82' lang='lat' dir='ltr'>ergo,</span> <span class='ocrx_word' id='word_1_100' title='bbox 494 941 575 980; x_wconf 88' lang='lat' dir='ltr'>erit</span> <span class='ocrx_word' id='word_1_101' title='bbox 607 938 831 992; x_wconf 80' lang='lat' dir='ltr'>corporale</span> <span class='ocrx_word' id='word_1_102' title='bbox 867 939 1063 990; x_wconf 81' lang='lat' dir='ltr'>spacium</span> <span class='ocrx_word' id='word_1_103' title='bbox 1095 951 1295 988; x_wconf 76' lang='lat' dir='ltr'>vacuum,</span> <span class='ocrx_word' id='word_1_104' title='bbox 1324 938 1442 990; x_wconf 87' lang='lat' dir='ltr'>quod</span> <span class='ocrx_word' id='word_1_105' title='bbox 1466 944 1531 978; x_wconf 91' lang='lat' dir='ltr'>est</span> <span class='ocrx_word' id='word_1_106' title='bbox 1554 951 1651 990; x_wconf 90' lang='lat' dir='ltr'>pro-</span> 
     </span>
     <span class='ocr_line' id='line_1_14' title="bbox 118 1006 1647 1063; baseline -0.003 -13"><span class='ocrx_word' id='word_1_107' title='bbox 118 1010 323 1063; x_wconf 88' lang='lat' dir='ltr'>positum.</span> <span class='ocrx_word' id='word_1_108' title='bbox 386 1009 522 1062; x_wconf 90' lang='lat' dir='ltr'>Cujus</span> <span class='ocrx_word' id='word_1_109' title='bbox 554 1008 720 1048; x_wconf 89' lang='lat' dir='ltr'>solucio</span> <span class='ocrx_word' id='word_1_110' title='bbox 743 1013 820 1054; x_wconf 89' lang='lat' dir='ltr'>est,</span> <span class='ocrx_word' id='word_1_111' title='bbox 840 1007 958 1059; x_wconf 88' lang='lat' dir='ltr'>quod</span> <span class='ocrx_word' id='word_1_112' title='bbox 984 1007 1055 1046; x_wconf 94' lang='lat' dir='ltr'>ille</span> <span class='ocrx_word' id='word_1_113' title='bbox 1080 1007 1194 1046; x_wconf 88' lang='lat' dir='ltr'>linee</span> <span class='ocrx_word' id='word_1_114' title='bbox 1217 1006 1567 1046; x_wconf 80' lang='lat' dir='ltr'>terminabuntur</span> <span class='ocrx_word' id='word_1_115' title='bbox 1592 1006 1647 1045; x_wconf 87' lang='lat' dir='ltr'>ad</span> 
     </span>
     <span class='ocr_line' id='line_1_15' title="bbox 118 1075 1653 1131; baseline -0.003 -13"><span class='ocrx_word' id='word_1_116' title='bbox 118 1091 251 1118; x_wconf 90' lang='lat' dir='ltr'>unum</span> <span class='ocrx_word' id='word_1_117' title='bbox 284 1084 496 1131; x_wconf 89' lang='lat' dir='ltr'>punctum</span> <span class='ocrx_word' id='word_1_118' title='bbox 526 1077 568 1116; x_wconf 91' lang='lat' dir='ltr'>in</span> <span class='ocrx_word' id='word_1_119' title='bbox 600 1089 781 1129; x_wconf 86' lang='lat' dir='ltr'>corpore</span> <span class='ocrx_word' id='word_1_120' title='bbox 812 1076 1055 1129; x_wconf 88' lang='lat' dir='ltr'>supposito,</span> <span class='ocrx_word' id='word_1_121' title='bbox 1077 1087 1155 1115; x_wconf 92' lang='lat' dir='ltr'>nec</span> <span class='ocrx_word' id='word_1_122' title='bbox 1189 1082 1290 1115; x_wconf 88' lang='lat' dir='ltr'>sunt</span> <span class='ocrx_word' id='word_1_123' title='bbox 1322 1075 1653 1127; x_wconf 83' lang='lat' dir='ltr'>equidistantes,</span> 
     </span>
     <span class='ocr_line' id='line_1_16' title="bbox 62 1143 1651 1200; baseline -0.003 -13"><span class='ocrx_word' id='word_1_124' title='bbox 62 1165 98 1196; x_wconf 79' lang='lat'>15</span> <span class='ocrx_word' id='word_1_125' title='bbox 119 1147 222 1200; x_wconf 80' lang='lat' dir='ltr'>quia</span> <span class='ocrx_word' id='word_1_126' title='bbox 247 1160 332 1186; x_wconf 92' lang='lat' dir='ltr'>non</span> <span class='ocrx_word' id='word_1_127' title='bbox 365 1146 531 1187; x_wconf 82' lang='lat' dir='ltr'>distant</span> <span class='ocrx_word' id='word_1_128' title='bbox 562 1145 604 1184; x_wconf 91' lang='lat' dir='ltr'>in</span> <span class='ocrx_word' id='word_1_129' title='bbox 636 1144 761 1191; x_wconf 71' lang='lat' dir='ltr'>alim,</span> <span class='ocrx_word' id='word_1_130' title='bbox 783 1150 849 1184; x_wconf 92' lang='lat' dir='ltr'>set</span> <span class='ocrx_word' id='word_1_131' title='bbox 883 1144 1010 1183; x_wconf 88' lang='lat' dir='ltr'>simul</span> <span class='ocrx_word' id='word_1_132' title='bbox 1049 1150 1152 1183; x_wconf 89' lang='lat' dir='ltr'>sunt</span> <span class='ocrx_word' id='word_1_133' title='bbox 1188 1144 1281 1184; x_wconf 89' lang='lat' dir='ltr'>sine</span> <span class='ocrx_word' id='word_1_134' title='bbox 1321 1143 1478 1183; x_wconf 92' lang='lat' dir='ltr'>medio.</span> <span class='ocrx_word' id='word_1_135' title='bbox 1544 1143 1651 1182; x_wconf 93' lang='lat' dir='ltr'>Ideo</span> 
     </span>
     <span class='ocr_line' id='line_1_17' title="bbox 118 1213 1651 1269; baseline -0.003 -13"><span class='ocrx_word' id='word_1_136' title='bbox 118 1222 282 1269; x_wconf 79' lang='lat' dir='ltr'>puncta</span> <span class='ocrx_word' id='word_1_137' title='bbox 311 1214 538 1268; x_wconf 82' lang='lat' dir='ltr'>originalia</span> <span class='ocrx_word' id='word_1_138' title='bbox 570 1227 720 1254; x_wconf 78' lang='lat' dir='ltr'>earum</span> <span class='ocrx_word' id='word_1_139' title='bbox 752 1219 853 1253; x_wconf 88' lang='lat' dir='ltr'>sunt</span> <span class='ocrx_word' id='word_1_140' title='bbox 884 1213 1013 1253; x_wconf 90' lang='lat' dir='ltr'>simul</span> <span class='ocrx_word' id='word_1_141' title='bbox 1047 1213 1138 1252; x_wconf 90' lang='lat' dir='ltr'>sine</span> <span class='ocrx_word' id='word_1_142' title='bbox 1171 1213 1345 1261; x_wconf 87' lang='lat' dir='ltr'>medio;</span> <span class='ocrx_word' id='word_1_143' title='bbox 1378 1213 1453 1252; x_wconf 91' lang='lat' dir='ltr'>sed</span> <span class='ocrx_word' id='word_1_144' title='bbox 1488 1218 1651 1265; x_wconf 80' lang='lat' dir='ltr'>puncta</span> 
     </span>
     <span class='ocr_line' id='line_1_18' title="bbox 119 1281 1649 1334; baseline -0.005 -8"><span class='ocrx_word' id='word_1_145' title='bbox 119 1287 207 1327; x_wconf 91' lang='lat' dir='ltr'>duo</span> <span class='ocrx_word' id='word_1_146' title='bbox 230 1285 321 1325; x_wconf 92' lang='lat' dir='ltr'>sine</span> <span class='ocrx_word' id='word_1_147' title='bbox 342 1285 487 1324; x_wconf 89' lang='lat' dir='ltr'>medio</span> <span class='ocrx_word' id='word_1_148' title='bbox 510 1283 715 1323; x_wconf 92' lang='lat' dir='ltr'>continuo</span> <span class='ocrx_word' id='word_1_149' title='bbox 738 1288 839 1322; x_wconf 87' lang='lat' dir='ltr'>sunt</span> <span class='ocrx_word' id='word_1_150' title='bbox 868 1283 979 1322; x_wconf 88' lang='lat' dir='ltr'>sicut</span> <span class='ocrx_word' id='word_1_151' title='bbox 1010 1295 1119 1322; x_wconf 88' lang='lat' dir='ltr'>unus</span> <span class='ocrx_word' id='word_1_152' title='bbox 1150 1287 1350 1334; x_wconf 87' lang='lat' dir='ltr'>punctus,</span> <span class='ocrx_word' id='word_1_153' title='bbox 1372 1281 1475 1332; x_wconf 80' lang='lat' dir='ltr'>quia</span> <span class='ocrx_word' id='word_1_154' title='bbox 1507 1286 1649 1320; x_wconf 87' lang='lat' dir='ltr'>totum</span> 
     </span>
     <span class='ocr_line' id='line_1_19' title="bbox 120 1349 1650 1404; baseline -0.004 -10"><span class='ocrx_word' id='word_1_155' title='bbox 120 1359 185 1395; x_wconf 89' lang='lat' dir='ltr'>est</span> <span class='ocrx_word' id='word_1_156' title='bbox 203 1352 472 1401; x_wconf 84' lang='lat' dir='ltr'>indivisibile,</span> <span class='ocrx_word' id='word_1_157' title='bbox 491 1359 534 1392; x_wconf 92' lang='lat' dir='ltr'>et</span> <span class='ocrx_word' id='word_1_158' title='bbox 556 1351 656 1391; x_wconf 94' lang='lat' dir='ltr'>ideo</span> <span class='ocrx_word' id='word_1_159' title='bbox 679 1357 863 1404; x_wconf 89' lang='lat' dir='ltr'>possunt</span> <span class='ocrx_word' id='word_1_160' title='bbox 887 1351 1148 1403; x_wconf 91' lang='lat' dir='ltr'>respondere</span> <span class='ocrx_word' id='word_1_161' title='bbox 1170 1351 1241 1390; x_wconf 91' lang='lat' dir='ltr'>uni</span> <span class='ocrx_word' id='word_1_162' title='bbox 1265 1356 1428 1402; x_wconf 89' lang='lat' dir='ltr'>puncto</span> <span class='ocrx_word' id='word_1_163' title='bbox 1451 1350 1493 1388; x_wconf 86' lang='lat' dir='ltr'>in</span> <span class='ocrx_word' id='word_1_164' title='bbox 1517 1349 1650 1389; x_wconf 87' lang='lat' dir='ltr'>tercio</span> 
     </span>
     <span class='ocr_line' id='line_1_20' title="bbox 119 1419 1648 1476; baseline -0.005 -13"><span class='ocrx_word' id='word_1_165' title='bbox 119 1435 310 1476; x_wconf 86' lang='lat' dir='ltr'>corpore,</span> <span class='ocrx_word' id='word_1_166' title='bbox 329 1428 372 1462; x_wconf 89' lang='lat' dir='ltr'>et</span> <span class='ocrx_word' id='word_1_167' title='bbox 395 1427 571 1474; x_wconf 87' lang='lat' dir='ltr'>propter</span> <span class='ocrx_word' id='word_1_168' title='bbox 592 1419 677 1460; x_wconf 89' lang='lat' dir='ltr'>hoc</span> <span class='ocrx_word' id='word_1_169' title='bbox 699 1419 1050 1460; x_wconf 81' lang='lat' dir='ltr'>terminabuntur</span> <span class='ocrx_word' id='word_1_170' title='bbox 1066 1419 1179 1459; x_wconf 91' lang='lat' dir='ltr'>linee</span> <span class='ocrx_word' id='word_1_171' title='bbox 1201 1419 1254 1459; x_wconf 80' lang='lat' dir='ltr'>ad</span> <span class='ocrx_word' id='word_1_172' title='bbox 1280 1425 1490 1471; x_wconf 87' lang='lat' dir='ltr'>punctum</span> <span class='ocrx_word' id='word_1_173' title='bbox 1515 1431 1648 1456; x_wconf 88' lang='lat' dir='ltr'>unum</span> 
     </span>
     <span class='ocr_line' id='line_1_21' title="bbox 63 1487 1652 1542; baseline -0.003 -12"><span class='ocrx_word' id='word_1_174' title='bbox 63 1509 100 1530; x_wconf 91' lang='lat'>20</span> <span class='ocrx_word' id='word_1_175' title='bbox 121 1493 162 1532; x_wconf 91' lang='lat' dir='ltr'>in</span> <span class='ocrx_word' id='word_1_176' title='bbox 192 1492 328 1532; x_wconf 90' lang='lat' dir='ltr'>tercio</span> <span class='ocrx_word' id='word_1_177' title='bbox 359 1503 553 1542; x_wconf 89' lang='lat' dir='ltr'>corpore,</span> <span class='ocrx_word' id='word_1_178' title='bbox 575 1495 618 1529; x_wconf 91' lang='lat' dir='ltr'>et</span> <span class='ocrx_word' id='word_1_179' title='bbox 648 1489 709 1529; x_wconf 92' lang='lat' dir='ltr'>sic</span> <span class='ocrx_word' id='word_1_180' title='bbox 731 1488 990 1528; x_wconf 84' lang='lat' dir='ltr'>excludetur</span> <span class='ocrx_word' id='word_1_181' title='bbox 1022 1501 1219 1528; x_wconf 77' lang='lat' dir='ltr'>vacuum.</span> <span class='ocrx_word' id='word_1_182' title='bbox 1286 1487 1413 1538; x_wconf 82' lang='lat' dir='ltr'>Item,</span> <span class='ocrx_word' id='word_1_183' title='bbox 1435 1487 1652 1526; x_wconf 76' lang='lat' dir='ltr'>curialiter</span> 
     </span>
     <span class='ocr_line' id='line_1_22' title="bbox 120 1556 1649 1611; baseline -0.004 -11"><span class='ocrx_word' id='word_1_184' title='bbox 120 1560 306 1600; x_wconf 87' lang='lat' dir='ltr'>obicitur</span> <span class='ocrx_word' id='word_1_185' title='bbox 326 1574 333 1599; x_wconf 94' lang='lat'>:</span> <span class='ocrx_word' id='word_1_186' title='bbox 361 1565 551 1611; x_wconf 81' lang='lat' dir='ltr'>ponatur</span> <span class='ocrx_word' id='word_1_187' title='bbox 573 1558 693 1611; x_wconf 90' lang='lat' dir='ltr'>quod</span> <span class='ocrx_word' id='word_1_188' title='bbox 716 1570 793 1610; x_wconf 90' lang='lat' dir='ltr'>per</span> <span class='ocrx_word' id='word_1_189' title='bbox 815 1562 964 1597; x_wconf 78' lang='lat' dir='ltr'>centra</span> <span class='ocrx_word' id='word_1_190' title='bbox 990 1556 1242 1609; x_wconf 87' lang='lat' dir='ltr'>hujusmodi</span> <span class='ocrx_word' id='word_1_191' title='bbox 1275 1556 1523 1596; x_wconf 79' lang='lat' dir='ltr'>tabularum</span> <span class='ocrx_word' id='word_1_192' title='bbox 1547 1569 1649 1596; x_wconf 89' lang='lat' dir='ltr'>con-</span> 
     </span>
     <span class='ocr_line' id='line_1_23' title="bbox 116 1624 1649 1680; baseline -0.003 -12"><span class='ocrx_word' id='word_1_193' title='bbox 116 1627 364 1680; x_wconf 81' lang='lat' dir='ltr'>junctarum</span> <span class='ocrx_word' id='word_1_194' title='bbox 387 1627 480 1666; x_wconf 89' lang='lat' dir='ltr'>sine</span> <span class='ocrx_word' id='word_1_195' title='bbox 502 1626 648 1666; x_wconf 91' lang='lat' dir='ltr'>medio</span> <span class='ocrx_word' id='word_1_196' title='bbox 664 1639 844 1678; x_wconf 84' lang='lat' dir='ltr'>corpore</span> <span class='ocrx_word' id='word_1_197' title='bbox 868 1624 1053 1665; x_wconf 81' lang='lat' dir='ltr'>naturali</span> <span class='ocrx_word' id='word_1_198' title='bbox 1077 1631 1269 1665; x_wconf 79' lang='lat' dir='ltr'>transeat</span> <span class='ocrx_word' id='word_1_199' title='bbox 1293 1639 1378 1665; x_wconf 79' lang='lat' dir='ltr'>una</span> <span class='ocrx_word' id='word_1_200' title='bbox 1401 1625 1524 1673; x_wconf 81' lang='lat' dir='ltr'>linea,</span> <span class='ocrx_word' id='word_1_201' title='bbox 1551 1637 1649 1663; x_wconf 89' lang='lat' dir='ltr'>cum</span> 
     </span>
     <span class='ocr_line' id='line_1_24' title="bbox 120 1693 1650 1748; baseline -0.002 -13"><span class='ocrx_word' id='word_1_202' title='bbox 120 1696 252 1748; x_wconf 86' lang='lat' dir='ltr'>igitur</span> <span class='ocrx_word' id='word_1_203' title='bbox 274 1695 346 1735; x_wconf 82' lang='lat' dir='ltr'>illa</span> <span class='ocrx_word' id='word_1_204' title='bbox 367 1695 481 1736; x_wconf 77' lang='lat' dir='ltr'>linea</span> <span class='ocrx_word' id='word_1_205' title='bbox 504 1708 590 1735; x_wconf 92' lang='lat' dir='ltr'>non</span> <span class='ocrx_word' id='word_1_206' title='bbox 614 1701 735 1735; x_wconf 83' lang='lat' dir='ltr'>secat</span> <span class='ocrx_word' id='word_1_207' title='bbox 756 1693 1006 1748; x_wconf 87' lang='lat' dir='ltr'>superficies</span> <span class='ocrx_word' id='word_1_208' title='bbox 1030 1707 1108 1734; x_wconf 93' lang='lat' dir='ltr'>nec</span> <span class='ocrx_word' id='word_1_209' title='bbox 1131 1693 1304 1733; x_wconf 81' lang='lat' dir='ltr'>tabulas</span> <span class='ocrx_word' id='word_1_210' title='bbox 1323 1695 1365 1733; x_wconf 95' lang='lat' dir='ltr'>in</span> <span class='ocrx_word' id='word_1_211' title='bbox 1383 1700 1547 1746; x_wconf 88' lang='lat' dir='ltr'>puncto</span> <span class='ocrx_word' id='word_1_212' title='bbox 1564 1706 1650 1732; x_wconf 91' lang='lat' dir='ltr'>uno</span> 
     </span>
     <span class='ocr_line' id='line_1_25' title="bbox 119 1761 1650 1817; baseline -0.003 -13"><span class='ocrx_word' id='word_1_213' title='bbox 119 1771 186 1805; x_wconf 88' lang='lat' dir='ltr'>set</span> <span class='ocrx_word' id='word_1_214' title='bbox 217 1764 401 1814; x_wconf 88' lang='lat' dir='ltr'>duobus,</span> <span class='ocrx_word' id='word_1_215' title='bbox 434 1764 537 1816; x_wconf 79' lang='lat' dir='ltr'>quia</span> <span class='ocrx_word' id='word_1_216' title='bbox 568 1777 751 1817; x_wconf 77' lang='lat' dir='ltr'>corpora</span> <span class='ocrx_word' id='word_1_217' title='bbox 783 1763 951 1803; x_wconf 79' lang='lat' dir='ltr'>diversa</span> <span class='ocrx_word' id='word_1_218' title='bbox 983 1769 1095 1812; x_wconf 86' lang='lat' dir='ltr'>sunt,</span> <span class='ocrx_word' id='word_1_219' title='bbox 1122 1768 1226 1802; x_wconf 87' lang='lat' dir='ltr'>tunc</span> <span class='ocrx_word' id='word_1_220' title='bbox 1259 1763 1369 1803; x_wconf 93' lang='lat' dir='ltr'>inter</span> <span class='ocrx_word' id='word_1_221' title='bbox 1401 1761 1650 1815; x_wconf 84' lang='lat' dir='ltr'>superficies</span> 
     </span>
     <span class='ocr_line' id='line_1_26' title="bbox 63 1830 1650 1884; baseline -0.004 -8"><span class='ocrx_word' id='word_1_222' title='bbox 63 1845 100 1876; x_wconf 85' lang='lat'>25</span> <span class='ocrx_word' id='word_1_223' title='bbox 120 1833 369 1874; x_wconf 82' lang='lat' dir='ltr'>tabularum</span> <span class='ocrx_word' id='word_1_224' title='bbox 394 1834 473 1873; x_wconf 86' lang='lat' dir='ltr'>erit</span> <span class='ocrx_word' id='word_1_225' title='bbox 493 1832 607 1872; x_wconf 82' lang='lat' dir='ltr'>linea</span> <span class='ocrx_word' id='word_1_226' title='bbox 631 1839 676 1873; x_wconf 88' lang='lat' dir='ltr'>et</span> <span class='ocrx_word' id='word_1_227' title='bbox 697 1832 893 1884; x_wconf 79' lang='lat' dir='ltr'>spacium</span> <span class='ocrx_word' id='word_1_228' title='bbox 914 1838 958 1871; x_wconf 90' lang='lat' dir='ltr'>et</span> <span class='ocrx_word' id='word_1_229' title='bbox 980 1845 1056 1884; x_wconf 88' lang='lat' dir='ltr'>per</span> <span class='ocrx_word' id='word_1_230' title='bbox 1078 1844 1361 1882; x_wconf 87' lang='lat' dir='ltr'>consequens,</span> <span class='ocrx_word' id='word_1_231' title='bbox 1380 1830 1650 1882; x_wconf 81' lang='lat' dir='ltr'>superficiale</span> 
     </span>
     <span class='ocr_line' id='line_1_27' title="bbox 120 1899 1649 1955; baseline -0.003 -13"><span class='ocrx_word' id='word_1_232' title='bbox 120 1908 164 1942; x_wconf 94' lang='lat' dir='ltr'>et</span> <span class='ocrx_word' id='word_1_233' title='bbox 186 1901 438 1955; x_wconf 78' lang='lat' dir='ltr'>corporale:</span> <span class='ocrx_word' id='word_1_234' title='bbox 470 1915 586 1954; x_wconf 85' lang='lat' dir='ltr'>ergo,</span> <span class='ocrx_word' id='word_1_235' title='bbox 608 1914 707 1941; x_wconf 91' lang='lat' dir='ltr'>cum</span> <span class='ocrx_word' id='word_1_236' title='bbox 740 1913 826 1940; x_wconf 94' lang='lat' dir='ltr'>non</span> <span class='ocrx_word' id='word_1_237' title='bbox 856 1900 912 1939; x_wconf 91' lang='lat' dir='ltr'>sit</span> <span class='ocrx_word' id='word_1_238' title='bbox 934 1913 1090 1952; x_wconf 90' lang='lat' dir='ltr'>corpus</span> <span class='ocrx_word' id='word_1_239' title='bbox 1117 1899 1324 1948; x_wconf 79' lang='lat' dir='ltr'>naturale,</span> <span class='ocrx_word' id='word_1_240' title='bbox 1347 1900 1428 1939; x_wconf 87' lang='lat' dir='ltr'>erit</span> <span class='ocrx_word' id='word_1_241' title='bbox 1449 1912 1649 1939; x_wconf 80' lang='lat' dir='ltr'>vacuum.</span> 
     </span>
     <span class='ocr_line' id='line_1_28' title="bbox 120 1967 1648 2014; baseline -0.003 -4"><span class='ocrx_word' id='word_1_242' title='bbox 120 1971 179 2010; x_wconf 88' lang='lat' dir='ltr'>Et</span> <span class='ocrx_word' id='word_1_243' title='bbox 207 1971 364 2010; x_wconf 91' lang='lat' dir='ltr'>dicitur</span> <span class='ocrx_word' id='word_1_244' title='bbox 393 1970 461 2010; x_wconf 91' lang='lat' dir='ltr'>hic</span> <span class='ocrx_word' id='word_1_245' title='bbox 492 1969 640 2009; x_wconf 84' lang='lat' dir='ltr'>multis</span> <span class='ocrx_word' id='word_1_246' title='bbox 667 1969 811 2009; x_wconf 89' lang='lat' dir='ltr'>modis</span> <span class='ocrx_word' id='word_1_247' title='bbox 841 1967 959 2008; x_wconf 83' lang='lat' dir='ltr'>falsis</span> <span class='ocrx_word' id='word_1_248' title='bbox 991 1974 1034 2008; x_wconf 86' lang='lat' dir='ltr'>et</span> <span class='ocrx_word' id='word_1_249' title='bbox 1066 1968 1308 2014; x_wconf 72' lang='lat' dir='ltr'>contrariis,</span> <span class='ocrx_word' id='word_1_250' title='bbox 1331 1968 1442 2007; x_wconf 87' lang='lat' dir='ltr'>sicut</span> <span class='ocrx_word' id='word_1_251' title='bbox 1470 1967 1577 2007; x_wconf 82' lang='lat' dir='ltr'>alias</span> <span class='ocrx_word' id='word_1_252' title='bbox 1608 1967 1648 2006; x_wconf 91' lang='lat' dir='ltr'>in</span> 
     </span>
     <span class='ocr_line' id='line_1_29' title="bbox 120 2036 1650 2090; baseline -0.003 -11"><span class='ocrx_word' id='word_1_253' title='bbox 120 2039 203 2079; x_wconf 91' lang='lat' dir='ltr'>hoc</span> <span class='ocrx_word' id='word_1_254' title='bbox 234 2037 457 2078; x_wconf 90' lang='lat' dir='ltr'>volumine</span> <span class='ocrx_word' id='word_1_255' title='bbox 486 2037 739 2090; x_wconf 84' lang='lat' dir='ltr'>expositum</span> <span class='ocrx_word' id='word_1_256' title='bbox 771 2043 836 2076; x_wconf 87' lang='lat' dir='ltr'>est</span> <span class='ocrx_word' id='word_1_257' title='bbox 864 2037 969 2076; x_wconf 91' lang='lat' dir='ltr'>locis</span> <span class='ocrx_word' id='word_1_258' title='bbox 998 2036 1097 2082; x_wconf 82' lang='lat' dir='ltr'>suis,</span> <span class='ocrx_word' id='word_1_259' title='bbox 1123 2037 1235 2076; x_wconf 92' lang='lat' dir='ltr'>unde</span> <span class='ocrx_word' id='word_1_260' title='bbox 1268 2036 1502 2077; x_wconf 88' lang='lat' dir='ltr'>dicendum</span> <span class='ocrx_word' id='word_1_261' title='bbox 1531 2037 1650 2088; x_wconf 89' lang='lat' dir='ltr'>quod</span> 
     </span>
     <span class='ocr_line' id='line_1_30' title="bbox 119 2104 1651 2159; baseline -0.002 -12"><span class='ocrx_word' id='word_1_262' title='bbox 119 2107 192 2148; x_wconf 79' lang='lat' dir='ltr'>illa</span> <span class='ocrx_word' id='word_1_263' title='bbox 212 2107 333 2159; x_wconf 82' lang='lat' dir='ltr'>virga</span> <span class='ocrx_word' id='word_1_264' title='bbox 353 2113 472 2147; x_wconf 80' lang='lat' dir='ltr'>secat</span> <span class='ocrx_word' id='word_1_265' title='bbox 490 2107 598 2146; x_wconf 81' lang='lat' dir='ltr'>duas</span> <span class='ocrx_word' id='word_1_266' title='bbox 616 2105 864 2158; x_wconf 86' lang='lat' dir='ltr'>superficies</span> <span class='ocrx_word' id='word_1_267' title='bbox 884 2105 925 2144; x_wconf 93' lang='lat' dir='ltr'>in</span> <span class='ocrx_word' id='word_1_268' title='bbox 947 2118 1034 2145; x_wconf 93' lang='lat' dir='ltr'>uno</span> <span class='ocrx_word' id='word_1_269' title='bbox 1053 2111 1230 2157; x_wconf 87' lang='lat' dir='ltr'>puncto.</span> <span class='ocrx_word' id='word_1_270' title='bbox 1275 2104 1362 2145; x_wconf 85' lang='lat' dir='ltr'>Sed</span> <span class='ocrx_word' id='word_1_271' title='bbox 1378 2105 1446 2144; x_wconf 89' lang='lat' dir='ltr'>hic</span> <span class='ocrx_word' id='word_1_272' title='bbox 1464 2112 1651 2157; x_wconf 89' lang='lat' dir='ltr'>punctus</span> 
     </span>
     <span class='ocr_line' id='line_1_31' title="bbox 62 2172 1797 2229; baseline 0.001 -13"><span class='ocrx_word' id='word_1_273' title='bbox 62 2189 101 2220; x_wconf 73' lang='lat'>30</span> <span class='ocrx_word' id='word_1_274' title='bbox 120 2189 231 2216; x_wconf 87' lang='lat' dir='ltr'>unus</span> <span class='ocrx_word' id='word_1_275' title='bbox 265 2182 330 2216; x_wconf 87' lang='lat' dir='ltr'>est</span> <span class='ocrx_word' id='word_1_276' title='bbox 362 2175 404 2214; x_wconf 94' lang='lat' dir='ltr'>in</span> <span class='ocrx_word' id='word_1_277' title='bbox 434 2174 438 2229; x_wconf 85' lang='grc' dir='ltr'>Ι</span> <span class='ocrx_word' id='word_1_278' title='bbox 466 2175 558 2227; x_wconf 81' lang='lat' dir='ltr'>ipsa</span> <span class='ocrx_word' id='word_1_279' title='bbox 592 2174 711 2226; x_wconf 80' lang='lat' dir='ltr'>virga</span> <span class='ocrx_word' id='word_1_280' title='bbox 749 2174 1088 2213; x_wconf 80' lang='lat' dir='ltr'>considerandus</span> <span class='ocrx_word' id='word_1_281' title='bbox 1119 2186 1205 2213; x_wconf 93' lang='lat' dir='ltr'>non</span> <span class='ocrx_word' id='word_1_282' title='bbox 1247 2173 1289 2212; x_wconf 92' lang='lat' dir='ltr'>in</span> <span class='ocrx_word' id='word_1_283' title='bbox 1331 2172 1504 2220; x_wconf 80' lang='lat' dir='ltr'>tabulis,</span> <span class='ocrx_word' id='word_1_284' title='bbox 1532 2181 1651 2214; x_wconf 77' lang='lat' dir='ltr'>secat</span> <span class='ocrx_word' id='word_1_285' title='bbox 1671 2186 1750 2225; x_wconf 69' lang='lat'>641)</span> <span class='ocrx_word' id='word_1_286' title='bbox 1772 2195 1797 2216; x_wconf 86' lang='lat'>1.</span> 
     </span>
     <span class='ocr_line' id='line_1_32' title="bbox 121 2241 1651 2296; baseline -0.001 -13"><span class='ocrx_word' id='word_1_287' title='bbox 121 2244 236 2284; x_wconf 87' lang='lat' dir='ltr'>enim</span> <span class='ocrx_word' id='word_1_288' title='bbox 272 2242 521 2296; x_wconf 89' lang='lat' dir='ltr'>superficies</span> <span class='ocrx_word' id='word_1_289' title='bbox 557 2242 803 2284; x_wconf 76' lang='lat' dir='ltr'>tabularum</span> <span class='ocrx_word' id='word_1_290' title='bbox 843 2243 885 2281; x_wconf 94' lang='lat' dir='ltr'>in</span> <span class='ocrx_word' id='word_1_291' title='bbox 923 2242 1094 2282; x_wconf 91' lang='lat' dir='ltr'>duobus</span> <span class='ocrx_word' id='word_1_292' title='bbox 1130 2242 1319 2294; x_wconf 85' lang='lat' dir='ltr'>punctis,</span> <span class='ocrx_word' id='word_1_293' title='bbox 1355 2241 1514 2294; x_wconf 88' lang='lat' dir='ltr'>quibus</span> <span class='ocrx_word' id='word_1_294' title='bbox 1548 2243 1651 2294; x_wconf 82' lang='lat' dir='ltr'>quia</span> 
     </span>
     <span class='ocr_line' id='line_1_33' title="bbox 120 2311 1652 2365; baseline -0.002 -13"><span class='ocrx_word' id='word_1_295' title='bbox 120 2311 339 2365; x_wconf 91' lang='lat' dir='ltr'>conjuncti</span> <span class='ocrx_word' id='word_1_296' title='bbox 367 2318 469 2352; x_wconf 90' lang='lat' dir='ltr'>sunt</span> <span class='ocrx_word' id='word_1_297' title='bbox 497 2311 590 2352; x_wconf 91' lang='lat' dir='ltr'>sine</span> <span class='ocrx_word' id='word_1_298' title='bbox 622 2311 781 2360; x_wconf 90' lang='lat' dir='ltr'>medio,</span> <span class='ocrx_word' id='word_1_299' title='bbox 804 2311 1039 2363; x_wconf 88' lang='lat' dir='ltr'>respondet</span> <span class='ocrx_word' id='word_1_300' title='bbox 1069 2323 1180 2350; x_wconf 89' lang='lat' dir='ltr'>unus</span> <span class='ocrx_word' id='word_1_301' title='bbox 1212 2316 1400 2364; x_wconf 87' lang='lat' dir='ltr'>punctus</span> <span class='ocrx_word' id='word_1_302' title='bbox 1432 2311 1474 2350; x_wconf 91' lang='lat' dir='ltr'>in</span> <span class='ocrx_word' id='word_1_303' title='bbox 1505 2311 1652 2363; x_wconf 80' lang='lat' dir='ltr'>virga;</span> 
     </span>
     <span class='ocr_line' id='line_1_34' title="bbox 119 2379 1651 2432; baseline -0.001 -12"><span class='ocrx_word' id='word_1_304' title='bbox 119 2388 161 2421; x_wconf 92' lang='lat' dir='ltr'>et</span> <span class='ocrx_word' id='word_1_305' title='bbox 213 2381 325 2428; x_wconf 93' lang='lat' dir='ltr'>ideo,</span> <span class='ocrx_word' id='word_1_306' title='bbox 367 2379 485 2421; x_wconf 83' lang='lat' dir='ltr'>nulla</span> <span class='ocrx_word' id='word_1_307' title='bbox 536 2380 649 2420; x_wconf 79' lang='lat' dir='ltr'>linea</span> <span class='ocrx_word' id='word_1_308' title='bbox 702 2380 845 2420; x_wconf 81' lang='lat' dir='ltr'>media</span> <span class='ocrx_word' id='word_1_309' title='bbox 896 2379 1164 2431; x_wconf 91' lang='lat' dir='ltr'>intercipitur</span> <span class='ocrx_word' id='word_1_310' title='bbox 1206 2380 1317 2419; x_wconf 92' lang='lat' dir='ltr'>inter</span> <span class='ocrx_word' id='word_1_311' title='bbox 1359 2379 1446 2419; x_wconf 92' lang='lat' dir='ltr'>duo</span> <span class='ocrx_word' id='word_1_312' title='bbox 1488 2386 1651 2432; x_wconf 77' lang='lat' dir='ltr'>puncta</span> 
     </span>
     <span class='ocr_line' id='line_1_35' title="bbox 121 2447 1651 2501; baseline -0.002 -12"><span class='ocrx_word' id='word_1_313' title='bbox 121 2450 381 2499; x_wconf 82' lang='lat' dir='ltr'>tabularum,</span> <span class='ocrx_word' id='word_1_314' title='bbox 404 2462 483 2490; x_wconf 90' lang='lat' dir='ltr'>nec</span> <span class='ocrx_word' id='word_1_315' title='bbox 505 2449 701 2501; x_wconf 79' lang='lat' dir='ltr'>spacium</span> <span class='ocrx_word' id='word_1_316' title='bbox 734 2448 923 2500; x_wconf 84' lang='lat' dir='ltr'>aliquod.</span> <span class='ocrx_word' id='word_1_317' title='bbox 987 2447 1115 2494; x_wconf 85' lang='lat' dir='ltr'>Item,</span> <span class='ocrx_word' id='word_1_318' title='bbox 1138 2454 1240 2487; x_wconf 89' lang='lat' dir='ltr'>sunt</span> <span class='ocrx_word' id='word_1_319' title='bbox 1270 2461 1372 2487; x_wconf 79' lang='lat' dir='ltr'>vasa</span> <span class='ocrx_word' id='word_1_320' title='bbox 1402 2447 1651 2487; x_wconf 76' lang='lat' dir='ltr'>communia</span> 
     </span>
    </p>
   </div>
   <div class='ocr_carea' id='block_1_3' title="bbox 120 2587 1652 2785">
    <p class='ocr_par' dir='ltr' id='par_1_3' title="bbox 120 2587 1652 2785">
     <span class='ocr_line' id='line_1_36' title="bbox 165 2587 1648 2629; baseline -0.003 -9"><span class='ocrx_word' id='word_1_321' title='bbox 165 2601 184 2620; x_wconf 88' lang='lat'><em>2</em></span> <span class='ocrx_word' id='word_1_322' title='bbox 209 2599 271 2629; x_wconf 89' lang='lat' dir='ltr'>per</span> <span class='ocrx_word' id='word_1_323' title='bbox 287 2590 564 2628; x_wconf 84' lang='lat' dir='ltr'>conjunccionem</span> <span class='ocrx_word' id='word_1_324' title='bbox 580 2600 646 2619; x_wconf 83' lang='lat' dir='ltr'>om.</span> <span class='ocrx_word' id='word_1_325' title='bbox 669 2589 703 2618; x_wconf 88' lang='lat' dir='ltr'>l)</span> <span class='ocrx_word' id='word_1_326' title='bbox 869 2589 890 2617; x_wconf 90' lang='lat'>8</span> <span class='ocrx_word' id='word_1_327' title='bbox 913 2587 1019 2627; x_wconf 84' lang='lat' dir='ltr'>cadit]</span> <span class='ocrx_word' id='word_1_328' title='bbox 1036 2588 1157 2618; x_wconf 84' lang='lat' dir='ltr'>cadent</span> <span class='ocrx_word' id='word_1_329' title='bbox 1173 2587 1206 2616; x_wconf 89' lang='lat' dir='ltr'><em>F</em></span> <span class='ocrx_word' id='word_1_330' title='bbox 1366 2596 1470 2625; x_wconf 86' lang='lat'>14—15</span> <span class='ocrx_word' id='word_1_331' title='bbox 1494 2591 1572 2616; x_wconf 82' lang='lat' dir='ltr'>sunt</span> <span class='ocrx_word' id='word_1_332' title='bbox 1590 2610 1597 2616; x_wconf 93' lang='lat'><strong>.</strong></span> <span class='ocrx_word' id='word_1_333' title='bbox 1619 2611 1625 2617; x_wconf 90' lang='lat'><em>.</em></span> <span class='ocrx_word' id='word_1_334' title='bbox 1643 2610 1648 2615; x_wconf 96' lang='lat'>.</span> 
     </span>
     <span class='ocr_line' id='line_1_37' title="bbox 120 2638 1652 2680; baseline -0.003 -8"><span class='ocrx_word' id='word_1_335' title='bbox 120 2648 172 2673; x_wconf 89' lang='lat' dir='ltr'>set</span> <span class='ocrx_word' id='word_1_336' title='bbox 198 2652 262 2673; x_wconf 84' lang='lat' dir='ltr'>om.</span> <span class='ocrx_word' id='word_1_337' title='bbox 291 2641 332 2671; x_wconf 90' lang='lat' dir='ltr'><em>M</em></span> <span class='ocrx_word' id='word_1_338' title='bbox 493 2643 597 2680; x_wconf 85' lang='lat'>18—19</span> <span class='ocrx_word' id='word_1_339' title='bbox 619 2641 652 2671; x_wconf 90' lang='lat' dir='ltr'>in</span> <span class='ocrx_word' id='word_1_340' title='bbox 678 2641 786 2671; x_wconf 86' lang='lat' dir='ltr'>tercio</span> <span class='ocrx_word' id='word_1_341' title='bbox 811 2649 953 2679; x_wconf 89' lang='lat' dir='ltr'>corpore</span> <span class='ocrx_word' id='word_1_342' title='bbox 980 2645 1014 2670; x_wconf 89' lang='lat' dir='ltr'>et</span> <span class='ocrx_word' id='word_1_343' title='bbox 1037 2663 1045 2670; x_wconf 88' lang='lat'><strong><em>.</em></strong></span> <span class='ocrx_word' id='word_1_344' title='bbox 1065 2664 1071 2670; x_wconf 92' lang='lat'>.</span> <span class='ocrx_word' id='word_1_345' title='bbox 1088 2663 1095 2670; x_wconf 93' lang='lat'>.</span> <span class='ocrx_word' id='word_1_346' title='bbox 1123 2638 1301 2679; x_wconf 88' lang='lat' dir='ltr'>punctum]</span> <span class='ocrx_word' id='word_1_347' title='bbox 1329 2638 1364 2669; x_wconf 93' lang='lat' dir='ltr'>in</span> <span class='ocrx_word' id='word_1_348' title='bbox 1390 2649 1533 2678; x_wconf 85' lang='lat' dir='ltr'>corpore</span> <span class='ocrx_word' id='word_1_349' title='bbox 1557 2644 1652 2668; x_wconf 84' lang='lat' dir='ltr'>extra</span> 
     </span>
     <span class='ocr_line' id='line_1_38' title="bbox 121 2690 1652 2734; baseline -0.003 -10"><span class='ocrx_word' id='word_1_350' title='bbox 121 2699 154 2724; x_wconf 92' lang='lat' dir='ltr'>et</span> <span class='ocrx_word' id='word_1_351' title='bbox 174 2716 180 2723; x_wconf 91' lang='lat'>.</span> <span class='ocrx_word' id='word_1_352' title='bbox 198 2717 207 2726; x_wconf 86' lang='lat'><strong>.</strong></span> <span class='ocrx_word' id='word_1_353' title='bbox 227 2718 234 2726; x_wconf 85' lang='lat'>.</span> <span class='ocrx_word' id='word_1_354' title='bbox 252 2698 410 2734; x_wconf 89' lang='lat' dir='ltr'>punctum</span> <span class='ocrx_word' id='word_1_355' title='bbox 430 2693 463 2723; x_wconf 91' lang='lat' dir='ltr'><em>D</em></span> <span class='ocrx_word' id='word_1_356' title='bbox 575 2703 613 2722; x_wconf 90' lang='lat'>21</span> <span class='ocrx_word' id='word_1_357' title='bbox 640 2697 787 2732; x_wconf 87' lang='lat' dir='ltr'>ponatur</span> <span class='ocrx_word' id='word_1_358' title='bbox 802 2702 868 2723; x_wconf 82' lang='lat' dir='ltr'>om.</span> <span class='ocrx_word' id='word_1_359' title='bbox 886 2691 918 2721; x_wconf 88' lang='lat' dir='ltr'><em>F</em></span> <span class='ocrx_word' id='word_1_360' title='bbox 1038 2701 1079 2721; x_wconf 86' lang='lat'>22</span> <span class='ocrx_word' id='word_1_361' title='bbox 1103 2690 1193 2731; x_wconf 89' lang='lat' dir='ltr'>cum]</span> <span class='ocrx_word' id='word_1_362' title='bbox 1211 2696 1323 2721; x_wconf 87' lang='lat' dir='ltr'>tamen</span> <span class='ocrx_word' id='word_1_363' title='bbox 1342 2690 1376 2720; x_wconf 91' lang='lat' dir='ltr'><em>D</em></span> <span class='ocrx_word' id='word_1_364' title='bbox 1498 2700 1539 2729; x_wconf 87' lang='lat'>25</span> <span class='ocrx_word' id='word_1_365' title='bbox 1563 2690 1652 2720; x_wconf 83' lang='lat' dir='ltr'>linea</span> 
     </span>
     <span class='ocr_line' id='line_1_39' title="bbox 121 2743 1206 2785; baseline -0.005 -9"><span class='ocrx_word' id='word_1_366' title='bbox 121 2757 187 2776; x_wconf 87' lang='lat' dir='ltr'>om.</span> <span class='ocrx_word' id='word_1_367' title='bbox 207 2745 239 2775; x_wconf 77' lang='lat' dir='ltr'><em>F</em></span> <span class='ocrx_word' id='word_1_368' title='bbox 343 2755 385 2784; x_wconf 85' lang='lat'>30</span> <span class='ocrx_word' id='word_1_369' title='bbox 403 2750 456 2785; x_wconf 86' lang='lat' dir='ltr'>pr.</span> <span class='ocrx_word' id='word_1_370' title='bbox 475 2746 508 2774; x_wconf 89' lang='lat' dir='ltr'>in</span> <span class='ocrx_word' id='word_1_371' title='bbox 525 2755 589 2776; x_wconf 86' lang='lat' dir='ltr'>om.</span> <span class='ocrx_word' id='word_1_372' title='bbox 607 2744 639 2774; x_wconf 83' lang='lat' dir='ltr'><em>F</em></span> <span class='ocrx_word' id='word_1_373' title='bbox 744 2754 786 2783; x_wconf 85' lang='lat'>34</span> <span class='ocrx_word' id='word_1_374' title='bbox 809 2743 904 2784; x_wconf 88' lang='lat' dir='ltr'>sunt]</span> <span class='ocrx_word' id='word_1_375' title='bbox 923 2743 1006 2773; x_wconf 86' lang='lat' dir='ltr'>fiunt</span> <span class='ocrx_word' id='word_1_376' title='bbox 1023 2743 1068 2775; x_wconf 78' lang='lat' dir='ltr'>F:</span> <span class='ocrx_word' id='word_1_377' title='bbox 1091 2743 1158 2773; x_wconf 91' lang='lat' dir='ltr'>sint</span> <span class='ocrx_word' id='word_1_378' title='bbox 1172 2743 1206 2772; x_wconf 87' lang='lat' dir='ltr'><em>D</em></span> 
     </span>
    </p>
   </div>
  </div>
 </body>
</html>
