1877 3131
980 148 1057 190 152

249 253 389 293 docet.
453 250 530 292 Set
557 251 600 291 in
632 264 677 291 re
699 258 843 292 creata
869 255 1166 304 permanente,
1195 263 1271 290 sua
1301 249 1493 290 essencia
1521 253 1586 289 est
1612 247 1781 288 diversa

250 335 274 361 a
309 334 387 361 sua
422 320 612 367 accione,
644 325 688 360 et
725 333 750 360 a
783 332 863 359 suo
896 332 1000 367 esse,
1039 324 1082 359 et
1118 332 1144 359 a
1179 332 1257 359 sua
1292 318 1539 367 duracione,
1571 322 1615 357 et
1646 329 1672 356 a
1707 329 1782 356 sua

251 402 452 429 mensura
492 388 750 437 duracionis‚
788 394 831 428 et
866 386 947 428 hec
988 386 1138 428 omnia
1171 394 1274 428 sunt
1311 386 1483 427 diversa
1523 384 1780 426 abinvicem.

252 457 465 499 Similiter
491 458 532 497 in
561 471 604 498 re
636 456 902 506 successiva;
939 462 981 497 et
1009 456 1107 496 ideo
1133 462 1302 496 constat
1334 455 1451 508 quod
1484 454 1567 495 hoc
1598 453 1781 494 verbum

250 533 326 574 est,
354 532 420 566 est
452 526 710 579 equivocum
744 525 921 578 quando
953 524 1149 578 predicat
1181 537 1274 564 esse
1306 537 1435 565 cause
1467 523 1621 576 prime,
1646 528 1690 562 et
1723 521 1782 562 rei
1802 538 1818 567 5

250 595 541 647 permanentis
557 600 714 643 create,
732 600 774 634 et
792 594 849 634 rei
869 593 1122 634 successive.
1175 592 1253 633 Set
1269 593 1324 634 de
1341 592 1421 632 hiis
1440 590 1783 645 methaphisicus

249 663 470 716 expediet.
533 663 638 704 Non
674 668 740 703 est
774 667 946 715 tempus
983 661 1113 714 igitur
1147 673 1350 702 mensura
1381 661 1441 701 rei
1475 659 1783 713 permanentis,

248 737 313 771 set
349 731 602 779 successive,
634 736 677 772 et
714 730 795 771 hoc
825 737 903 780 est,
934 730 1075 783 primo
1110 735 1153 770 et
1189 742 1266 782 per
1302 743 1360 778 se,
1387 729 1520 782 ipsius
1559 734 1703 768 motus
1740 735 1783 769 et

248 800 418 852 quietis,
439 800 541 852 quia
564 799 697 840 nichil
720 806 785 839 est
817 799 859 838 in
883 798 1157 840 successione
1186 798 1266 838 nisi
1296 812 1373 851 per
1399 805 1568 839 motum
1599 804 1641 838 et
1663 798 1783 850 quie-

248 875 349 909 tem.
413 867 568 909 Omnis
592 869 708 908 enim
731 881 810 914 res,
835 867 878 906 in
900 880 986 919 qua
1009 879 1087 906 ηερ
1111 872 1175 907 est
1199 866 1406 920 possibile
1429 879 1591 919 ponere
1613 871 1782 906 motum

251 950 326 977 nec
349 937 554 989 quietem,
579 943 643 977 est
675 948 933 988 permanens
963 941 1007 976 et
1038 941 1313 975 mensuratur
1343 948 1425 975 evo
1453 934 1521 975 vel
1553 935 1783 975 eternitate

250 1006 468 1051 increata;
512 1005 627 1045 unde
659 1003 816 1052 celum,
847 1003 1063 1044 elementa
1097 1003 1336 1044 secundum
1375 1016 1420 1043 se
1451 1008 1608 1049 totum,
1640 1008 1684 1043 et
1721 1002 1782 1041 in-

250 1072 507 1125 telligencie,
538 1079 581 1113 et
607 1072 751 1112 anima
780 1070 1018 1120 racionalis,
1041 1077 1083 1111 et
1118 1071 1265 1112 omnia
1297 1070 1654 1123 incorruptibilia,
1684 1077 1783 1110 sunt

252 1154 316 1181 res
333 1147 637 1193 permanentes
654 1141 895 1180 secundum
915 1152 1041 1179 suum
1060 1152 1154 1180 esse
1169 1138 1484 1180 substanciale:
1515 1138 1648 1179 nichil
1667 1139 1783 1179 enim

138 1231 144 1243 ›
180 1232 184 1247 ›
206 1229 228 1248 ,ι
249 1210 444 1250 succedit
466 1210 509 1249 in
532 1222 624 1250 esse
646 1222 795 1249 eorum
814 1208 1108 1255 substanciali,
1123 1208 1226 1260 quia
1250 1214 1350 1248 sunt
1378 1205 1383 1262 Ι
1413 1207 1756 1260 incorruptibilia
1775 1223 1784 1256 3
1826 1222 1842 1251 5

250 1283 292 1317 et
320 1277 431 1327 ideo,
458 1277 698 1318 secundum
730 1276 1026 1317 substanciam
1057 1289 1192 1324 suam,
1222 1289 1309 1317 non
1338 1282 1644 1317 mensurantur
1674 1282 1784 1317 tem-

251 1359 367 1399 pore,
390 1351 455 1386 set
478 1359 577 1385 cum
611 1350 883 1392 moveantur,
904 1350 1008 1385 tunc
1040 1344 1177 1385 oritur
1203 1350 1388 1397 tempus,
1411 1350 1486 1385 aut
1511 1357 1610 1386 curn
1642 1344 1782 1397 quies-

250 1420 362 1463 cant,
384 1414 627 1454 dummodo
656 1412 766 1454 alius
799 1418 944 1453 motus
969 1412 1027 1461 fit,
1052 1426 1109 1452 ex
1132 1426 1220 1465 quo
1242 1413 1378 1453 oritur
1399 1419 1586 1466 tempus.
1647 1411 1784 1465 Quies

250 1488 399 1522 tamen
426 1482 636 1534 accipitur
665 1495 743 1534 pro
774 1481 1013 1534 negacione
1037 1487 1194 1528 motus,
1218 1481 1285 1522 vel
1317 1495 1396 1533 pro
1422 1482 1670 1534 privacione
1692 1482 1784 1534 ejus

250 1551 291 1589 in
323 1564 402 1590 suo
434 1550 729 1603 susceptibili:
774 1550 916 1604 primo
949 1550 1084 1590 modo
1116 1563 1202 1589 non
1235 1556 1299 1590 est
1336 1549 1509 1602 proprie
1541 1550 1675 1602 quies,
1707 1562 1784 1589 nec
1806 1564 1819 1583 2

250 1625 447 1671 tempore
480 1624 764 1666 mensuratur,
790 1625 837 1658 ut
868 1632 998 1659 causa
1029 1618 1169 1672 prima
1201 1631 1287 1658 non
1320 1624 1530 1667 movetur,
1553 1631 1630 1658 nec
1656 1617 1783 1658 intel-

251 1688 445 1741 ligenda,
488 1700 565 1728 ηερ
599 1687 755 1736 celum,
791 1688 826 1726 si
861 1693 1023 1735 staret3
1065 1692 1108 1726 et
1145 1687 1179 1726 si
1214 1686 1283 1727 hic
1317 1693 1456 1727 status
1492 1700 1567 1727 seu
1605 1686 1784 1738 negacio

252 1763 395 1796 motus
432 1756 602 1797 dicatur
636 1756 772 1807 quies,
799 1755 881 1796 hoc
914 1755 995 1796 erit
1028 1756 1236 1808 equivoce
1271 1756 1326 1795 ad
1361 1756 1565 1808 quietem,
1600 1768 1686 1807 que
1720 1762 1785 1795 est

251 1824 442 1877 privacio
467 1830 624 1865 motus.
679 1825 796 1864 Nam
819 1823 898 1864 hec
921 1836 1007 1864 non
1030 1831 1107 1872 est,
1131 1824 1211 1864 nisi
1235 1823 1275 1864 in
1298 1823 1495 1877 subjecto
1516 1823 1785 1876 susceptibili

252 1898 406 1942 motus,
431 1899 473 1933 et
496 1893 602 1933 dum
625 1892 734 1933 alius
758 1900 903 1934 motus
926 1898 1003 1940 est,
1026 1893 1082 1933 ad
1106 1892 1229 1945 cujus
1253 1906 1346 1932 esse
1373 1892 1567 1945 sequitur
1597 1898 1782 1945 tempus.

251 1962 343 2002 Nec
378 1961 517 2002 eciam
550 1961 670 2013 quies
706 1960 805 2002 talis
837 1966 1111 2002 mensuratur
1142 1974 1220 2014 per
1250 1974 1294 2001 se
1328 1967 1372 2002 et
1403 1961 1545 2013 primo
1571 1965 1783 2012 tempore,

251 2036 315 2070 set
349 2043 426 2082 per
457 2030 668 2078 accidens,
692 2031 804 2082 quia,
832 2029 1007 2079 scilicet,
1032 2030 1160 2070 durat
1193 2030 1298 2070 dum
1333 2029 1441 2069 alius
1475 2034 1619 2070 motus
1652 2028 1712 2077 fit,
1740 2035 1784 2070 et

252 2097 350 2138 ideo
373 2097 414 2136 in
438 2103 637 2151 tempore
660 2096 836 2138 alterius
859 2105 1015 2146 motus,
1039 2104 1218 2150 propter
1239 2098 1358 2149 quod
1386 2102 1532 2138 motus
1553 2102 1619 2137 est
1641 2097 1782 2150 primo

253 2179 328 2217 per
345 2178 389 2205 se
407 2165 651 2218 subjectum
670 2167 890 2218 temporis,
910 2173 953 2207 et
975 2179 1062 2206 non
1085 2166 1219 2218 quies,
1239 2166 1374 2206 eciam
1397 2166 1572 2218 proprie
1587 2171 1783 2218 sumpta;

251 2240 293 2273 et
329 2233 465 2274 multo
496 2233 650 2280 minus,
680 2234 815 2274 immo
848 2234 966 2274 nullo
1009 2235 1155 2283 modo,
1187 2235 1309 2286 quies
1339 2234 1570 2288 inpropria,
1601 2247 1687 2286 que
1718 2239 1809 2273 est.

253 2302 433 2354 negacio
467 2307 612 2342 motus
645 2302 687 2341 in
721 2303 1090 2355 permanentibus,
1113 2303 1202 2342 sive
1235 2303 1277 2342 in
1308 2303 1476 2351 creatis,
1497 2302 1588 2342 sive
1617 2302 1660 2341 in
1689 2314 1782 2354 per-

254 2375 457 2409 manente
480 2369 683 2410 increato.
746 2369 825 2411 Set
847 2384 938 2411 esse
960 2371 1308 2424 corruptibilium
1329 2383 1472 2411 rerum
1491 2369 1784 2410 substanciale

253 2443 320 2478 est
353 2437 395 2476 in
426 2438 631 2478 continuo
664 2437 787 2478 fluxu
824 2439 1130 2491 corrupcioniS,
1162 2445 1204 2479 et
1236 2439 1335 2480 ideo
1372 2444 1644 2479 mensuratur
1674 2444 1782 2478 tem-

252 2518 380 2557 pore3
435 2512 479 2547 et
521 2512 702 2558 propter
743 2506 823 2546 hoc
875 2507 1116 2560 corporalia
1158 2520 1244 2547 non
1284 2506 1424 2547 solum
1477 2512 1784 2547 mensurantur

252 2580 450 2626 tempore
472 2579 650 2627 propter
679 2574 751 2614 ubi
778 2575 1094 2627 adquirendum
1127 2580 1170 2614 et
1202 2573 1359 2622 locum,
1385 2581 1451 2615 set
1480 2579 1661 2627 propter
1689 2586 1782 2614 esse
1803 2589 1841 2619 35

300 2702 337 2731 15
361 2694 457 2734 sunt]
476 2695 524 2725 sic
545 2695 634 2725 enim
652 2695 686 2725 D
829 2695 1110 2736 incorruptibilia]
1128 2695 1356 2735 corruptibilia
1372 2696 1407 2725 D
1540 2705 1580 2734 19
1602 2695 1780 2735 accipitur]

255 2749 365 2783 potest
382 2746 467 2775 sumi
484 2746 531 2776 F:
558 2751 669 2785 potest
686 2746 720 2776 D
914 2757 957 2778 20
981 2747 1095 2787 quies]
1113 2747 1176 2778 hos
1194 2747 1228 2776 D
1432 2757 1474 2777 22
1498 2746 1621 2787 status]
1639 2752 1732 2777 actus
1749 2747 1783 2776 D

253 2806 292 2833 24
318 2796 482 2837 privacio]
503 2807 658 2828 mensura
678 2797 708 2826 F
832 2808 873 2836 33
899 2798 992 2838 ideo]
1011 2798 1087 2829 ideo
1104 2808 1170 2828 non
1190 2798 1223 2827 D
