1877 3131
118 1918 169 1947 fa

190 1918 216 1939 2.

965 136 1047 175 160

240 257 340 291 sunt
362 249 609 291 substancie
641 249 887 302 spirituales
908 263 916 299 ;
951 261 1068 300 ergo,
1090 248 1209 287 nulla
1232 248 1455 300 quantitas
1477 249 1686 288 continua
1708 256 1775 289 est

241 320 284 358 in
316 319 390 369 eis,
422 331 537 371 ergo,
570 331 668 359 cum
702 323 876 370 tempus
913 317 968 357 sit
999 317 1223 369 quantitas
1254 317 1470 366 continua,
1502 330 1589 356 non
1620 317 1699 358 erit
1731 318 1773 357 in

242 387 337 427 illis.
391 387 516 436 Item,
531 394 634 427 tunc
648 391 998 426 mensurarentur
1016 390 1225 436 tempore,
1244 385 1345 437 quia
1360 391 1534 437 tempus
1553 391 1774 425 mensurat

238 469 364 496 suum
397 455 653 507 subjectum,
695 467 810 506 ergo,
847 453 1058 494 haberent
1092 467 1187 493 esse
1218 454 1504 494 successivum
1536 454 1772 494 secundum

239 538 361 564 suam
376 524 680 564 substanciam.
733 523 856 569 Item,
873 528 1044 562 constat
1066 522 1184 574 quod
1209 529 1514 563 mensurantur
1531 523 1773 566 eternitate,
1791 543 1807 573 5

239 590 479 630 seeundum
510 603 636 629 suum
660 602 766 637 esse,
790 589 932 640 igitur,
964 588 1183 641 superflua
1209 595 1273 629 est
1302 589 1387 628 alia
1416 601 1617 629 mensura
1645 589 1772 629 dura-

240 659 372 698 eionis
395 665 437 698 et
460 646 732 711 inpossibilis.
797 657 922 705 Item,
945 664 1110 697 certum
1133 663 1196 697 est
1215 658 1454 697 secundum
1473 657 1772 705 Aristotelem,

240 733 283 766 et
306 727 434 767 verba
465 725 667 778 Averoys
692 725 852 779 pluries
884 733 1043 766 sonant
1065 727 1184 778 quod
1207 726 1453 779 subjectum
1475 726 1686 780 temporis
1708 732 1772 766 est

240 801 407 843 motus3
439 795 472 833 si
495 795 625 846 igitur
654 794 745 846 ejus
773 794 1019 846 subjectum
1048 801 1113 834 est
1143 795 1300 844 anima,
1333 802 1409 835 aut
1441 801 1671 847 utrumque
1694 795 1773 834 erit

239 864 449 916 precisum
473 869 515 903 et
537 863 725 917 primum
747 862 1005 916 subjectum,
1021 865 1138 916 quod
1157 870 1223 904 est
1241 863 1518 917 impossibile,
1531 870 1608 904 aut
1624 876 1772 913 unum,
1794 887 1835 908 10

240 933 460 972 mediante
482 931 629 972 altero.
693 932 770 973 Set
801 946 887 972 non
910 940 974 973 est
1001 939 1144 973 motus
1174 932 1415 985 subjectum
1438 931 1531 984 ejus
1554 932 1774 972 mediante

237 1001 393 1050 anima,
416 1013 494 1041 nec
527 1015 549 1040 e
581 1014 800 1051 converso,
832 1001 934 1054 quia
966 1008 1069 1042 tune
1100 1001 1232 1042 ambo
1264 1007 1408 1041 essent
1441 1002 1483 1040 in
1515 1002 1684 1050 eodem,
1705 998 1773 1040 vel

239 1083 370 1109 unum
404 1069 447 1109 in
479 1068 591 1120 alio;
625 1076 689 1110 set
722 1076 923 1110 neutrum
957 1078 1022 1111 est
1054 1070 1134 1111 hic.
1198 1070 1257 1110 Et
1298 1076 1474 1123 propter
1515 1069 1609 1119 hoc,
1646 1069 1774 1110 relin-

237 1139 460 1190 quendum
484 1145 548 1179 est
570 1139 666 1190 hoc,
690 1144 899 1191 tanquam
922 1152 1163 1180 erroneum.

295 1207 355 1247 Et
397 1208 670 1248 evacuandus
713 1214 776 1248 est
817 1208 926 1248 alius
970 1222 1087 1249 error
1131 1208 1377 1258 consimilis,
1419 1208 1493 1261 qui
1537 1208 1832 1262 imponitur15

235 1277 465 1329 Averoy53
498 1283 540 1317 et
574 1284 650 1327 est,
674 1277 791 1329 quod
823 1284 969 1318 motus
1001 1277 1154 1330 aliquis
1187 1277 1518 1325 determinatus,
1549 1283 1597 1317 ut
1631 1283 1775 1317 motus

234 1345 312 1385 celi
335 1345 472 1396 primi,
495 1346 550 1386 sit
575 1345 669 1398 ejus
701 1346 959 1399 subjectum,
991 1353 1034 1387 et
1066 1347 1180 1388 istud
1214 1347 1430 1399 vulgatur.
1494 1345 1571 1387 Set
1603 1345 1686 1386 hoe
1710 1352 1776 1386 est

234 1414 494 1467 inpossibile,
532 1415 861 1455 demonstrante
896 1415 1151 1464 Aristotele,
1176 1416 1250 1469 qui
1281 1415 1398 1463 dicit,
1430 1415 1473 1455 in
1504 1414 1695 1469 capitulo
1725 1414 1776 1454 de

241 1490 432 1536 tempore,
454 1483 488 1522 si
511 1483 653 1536 plures
681 1490 824 1524 essent
852 1485 931 1524 celi
962 1485 1100 1537 primi,
1123 1485 1266 1538 plures
1293 1490 1436 1524 essent
1458 1491 1602 1524 motus
1633 1484 1772 1538 primi,

238 1564 323 1591 non
346 1557 492 1591 tamen
515 1552 638 1605 plura
659 1560 872 1606 tempora.
935 1554 1013 1594 Set
1034 1560 1182 1594 tamen
1205 1555 1259 1593 ad
1280 1552 1692 1606 multiplicacionem
1714 1553 1773 1592 rei
1795 1575 1835 1596 20

237 1619 415 1673 alicujus
456 1621 649 1673 sequitur
693 1622 1004 1675 multiplicacio
1044 1623 1108 1662 sui
1149 1622 1397 1669 accidentis,
1439 1628 1487 1662 ut
1523 1627 1631 1674 quot
1673 1628 1775 1662 sunt

240 1688 449 1735 homines,
474 1696 541 1729 tot
565 1696 665 1730 sunt
684 1690 870 1730 risibilia.
928 1689 1209 1731 Manifestum
1234 1697 1299 1731 est
1324 1690 1468 1742 igitur,
1485 1690 1603 1742 quod
1628 1696 1774 1730 motus

238 1756 316 1796 celi
358 1771 445 1797 non
482 1765 546 1799 est
591 1758 835 1811 subjectum
877 1760 1091 1813 precisum
1129 1759 1351 1813 temporis,
1383 1772 1408 1798 a
1443 1771 1530 1811 quo
1562 1766 1774 1799 causetur.

240 1831 365 1880 Item,
386 1838 529 1872 stante
558 1833 663 1881 celo,
686 1839 728 1873 et
760 1832 880 1874 fieret
912 1834 1066 1887 aliquis
1098 1841 1256 1884 motuS,
1279 1839 1391 1874 esset
1424 1839 1626 1886 tempus;
1658 1845 1775 1885 ergo,

237 1912 323 1938 non
344 1906 409 1939 est
428 1906 572 1941 motus
593 1901 671 1941 celi
690 1903 904 1954 precisum
931 1901 936 1956 Ι
965 1903 1058 1955 ejus
1079 1903 1337 1956 subjectum.
1391 1900 1439 1941 Si
1461 1902 1638 1951 dicatur,
1654 1901 1773 1954 quod
1793 1918 1830 1948 25

238 1981 325 2008 non
352 1976 497 2022 posset
527 1984 618 2010 esse
649 1978 794 2011 motus
823 1971 979 2024 aliquis
1001 1979 1146 2013 stante
1169 1971 1272 2020 celo,
1296 1971 1397 2023 quia
1418 1984 1520 2010 suus
1543 1975 1688 2010 motus
1709 1975 1773 2010 est

237 2049 365 2076 causa
387 2037 569 2077 aliorum
593 2046 805 2087 motuum,
828 2041 1061 2081 dicendum
1086 2047 1161 2089 est,
1184 2040 1300 2093 quod
1325 2045 1470 2079 motus
1496 2038 1576 2079 celi
1598 2051 1683 2078 non
1707 2045 1774 2079 est

234 2117 364 2144 eausa
405 2112 549 2145 motus
595 2107 744 2147 localis
784 2109 900 2161 recti,
941 2117 1006 2150 set
1044 2116 1189 2150 motus
1224 2108 1465 2149 secundum
1499 2107 1696 2157 formam,
1726 2114 1773 2146 ut

239 2174 546 2225 generacionis‚
588 2182 630 2215 et
672 2177 975 2229 corrupeionis,
1016 2185 1059 2217 et
1109 2177 1396 2224 alteracioniS‚
1439 2183 1483 2216 et
1533 2175 1770 2229 augmenti.

242 2241 504 2281 Aristoteles
537 2243 651 2282 enim
686 2245 801 2294 dicit,
834 2247 876 2285 in
910 2247 993 2287 fine
1023 2246 1091 2287 De
1137 2245 1432 2292 Generacwne,
1466 2244 1585 2296 quod
1628 2249 1772 2283 motus
1792 2261 1833 2291 30

238 2308 319 2347 celi
354 2308 401 2349 fit
436 2317 482 2350 ut
515 2311 758 2352 adducatur
790 2328 1002 2366 generans
1038 2329 1114 2368 per
1153 2314 1293 2355 varias
1333 2319 1479 2366 partes
1510 2311 1772 2361 habitabilis,

241 2377 416 2427 scilicet,
450 2378 512 2418 sol
542 2386 584 2419 et
610 2380 692 2420 alie
715 2382 850 2422 stelle.
915 2383 991 2424 Set
1016 2390 1162 2424 motus
1185 2389 1324 2424 rectus
1346 2381 1661 2421 elementorum
1685 2393 1772 2420 non

239 2452 303 2485 est
333 2459 528 2486 annexus
557 2451 828 2501 generacioni
857 2457 900 2491 et
927 2452 1211 2505 corrupcioni‚
1234 2458 1276 2492 et
1307 2452 1404 2491 ideo
1430 2463 1518 2489 non
1551 2449 1772 2503 dependet
1866 2446 1870 2496 Ι

241 2526 265 2552 a
301 2520 422 2554 motu
456 2516 564 2564 eeli;
596 2531 740 2569 quare,
775 2525 917 2559 stante
948 2521 1057 2570 celo,
1090 2520 1197 2572 lapis
1238 2519 1521 2559 descenderet
1554 2518 1769 2558 deorsum.
1863 2507 1872 2736 ἶ

287 2644 323 2672 18
349 2645 393 2673 de
411 2645 594 2685 tempore]
610 2645 710 2685 Phys.
729 2648 769 2678 iv.
787 2658 838 2686 93.
987 2659 1031 2687 30
1054 2652 1109 2681 De
1128 2647 1402 2688 Generacione]
1420 2647 1452 2678 ii.
1470 2647 1522 2687 56,
1542 2657 1593 2685 57·

282 2764 301 2791 3
327 2756 619 2796 mensurarentur]
639 2762 879 2788 mensurentur
896 2757 930 2787 D
1059 2758 1228 2798 tempore]
1247 2762 1402 2797 tempora
1419 2756 1452 2786 D
1616 2756 1636 2785 8
1661 2754 1768 2795 quod]

239 2806 424 2835 secundum
443 2806 476 2835 D
607 2818 647 2845 27
673 2809 713 2837 28
739 2809 879 2839 aliorum
897 2833 904 2840 .
927 2833 933 2840 .
952 2834 958 2841 .
978 2819 1079 2839 causa
1095 2820 1159 2840 om.
1181 2809 1214 2838 l)
