1898 3126
130 584 166 613 62
188 585 208 615 b
228 593 254 614 1.

51 1811 74 1839 1³
108 1820 164 1851 ¹05
184 1821 201 1840 a
223 1821 247 1841 2.

126 2559 166 2588 62
186 2560 205 2589 b
225 2570 251 2590 2.

1003 118 1082 159 218

273 232 481 272 unitatem
505 238 685 285 propter
714 231 808 281 hoc,
830 232 933 285 quia
962 231 1054 285 ejus
1083 231 1226 272 unitas
1256 237 1319 271 est
1342 244 1367 270 a
1390 229 1603 283 subjecto,
1626 233 1668 268 et
1691 227 1804 275 ideo,

273 300 402 340 nichil
436 314 569 341 unum
600 301 680 342 erit
708 302 750 340 in
781 314 920 342 vacuo
950 315 1006 341 ex
1038 315 1116 341 sua
1149 300 1428 353 proprietate,
1464 303 1647 352 propter
1681 295 1800 348 quod

273 375 417 409 totum
460 368 539 409 erit
572 369 806 410 discretum
840 377 882 410 et
914 370 1116 417 divisum,
1166 375 1209 409 et
1247 369 1355 417 ideo,
1393 367 1485 420 ejus
1521 371 1666 420 partes
1702 370 1804 404 sunt

274 437 468 488 discrete,
497 443 540 478 et
572 438 684 487 ideo,
714 437 881 478 infinite
918 438 960 477 in
997 444 1110 478 actu.
1175 435 1413 488 Quantitas
1453 441 1601 475 autem
1643 435 1686 474 in
1723 446 1803 473 suo

273 505 472 558 subjecto
495 506 686 547 existens
708 506 841 546 habet
871 506 1082 547 unitatem
1113 505 1346 546 radicalem
1370 518 1395 544 a
1417 517 1496 543 suo
1525 501 1736 555 subjecto,
1760 509 1803 542 et
1827 515 1844 546 5

274 581 418 627 partes
456 573 548 626 ejus
581 575 745 614 habent
778 575 991 615 unitatem
1025 573 1257 614 radicalem
1285 572 1289 624 Ι
1317 574 1373 613 ab
1405 573 1574 613 unitate
1605 571 1802 625 parcium

273 643 471 695 subjecti,
511 650 554 684 et
597 643 724 683 aliter
765 657 852 684 non
894 643 1075 683 haberet
1111 643 1350 683 secundum
1389 655 1434 682 se
1473 642 1693 682 unitatem
1727 653 1805 693 per

273 711 458 751 formam
501 712 639 751 tocius
675 712 716 751 in
751 725 813 759 ea,
858 718 900 751 et
938 711 1038 752 ideo
1079 724 1177 751 cum
1222 711 1264 750 in
1312 710 1560 763 quantitate
1601 715 1803 763 separata

273 779 439 820 tollitur
461 780 659 820 radicalis
691 793 819 820 causa
848 779 1027 820 unitatis
1059 780 1254 833 parcium
1285 779 1420 828 vacui,
1453 778 1626 828 scilicet,
1658 777 1802 818 unitas

272 848 452 899 subjecti
475 854 517 888 et
540 849 734 901 parcium
767 848 860 900 ejus
892 849 934 888 in
964 847 1103 888 forma
1129 848 1282 897 tocius,
1305 860 1481 888 11666556
1511 853 1576 887 est
1606 846 1724 900 quod
1758 845 1801 885 in
1829 858 1866 880 10

272 916 346 956 tali
370 917 614 968 quantitate
637 930 724 957 non
758 923 981 957 remaneat
1011 918 1153 957 unitas
1183 918 1336 966 tocius,
1357 917 1460 970 quia
1489 916 1609 956 illam
1642 914 1804 955 habere

272 996 358 1022 non
401 988 556 1036 potest,
598 983 680 1023 nisi
722 983 908 1033 aliunde,
945 983 1121 1034 scilicet,
1154 982 1211 1023 ab
1253 983 1420 1023 unitate
1457 981 1690 1023 totalitatis
1737 981 1803 1022 sui

271 1048 466 1100 subjecti.
548 1049 641 1088 Nec
692 1050 930 1103 impeditur
983 1050 1064 1090 hec
1116 1049 1342 1102 exposicio
1402 1063 1480 1102 per
1542 1049 1623 1090 hoc
1684 1047 1803 1101 quod

271 1115 510 1154 diceretur:
538 1123 772 1167 postquam
798 1117 925 1156 datur
946 1129 1084 1156 vacuo
1109 1130 1202 1157 esse
1224 1116 1317 1156 sine
1338 1116 1548 1168 subjecto,
1567 1114 1742 1155 dabitur
1759 1119 1803 1153 et

273 1183 441 1231 unitas;
475 1190 517 1223 et
541 1184 651 1235 ideo,
674 1198 760 1225 non
792 1185 990 1237 sequitur
1019 1199 1075 1224 ex
1106 1185 1278 1225 racione
1303 1184 1427 1226 vacui
1451 1184 1660 1224 discrecio
1686 1183 1802 1224 dicta
1826 1199 1860 1230 15

271 1252 463 1304 parcium
497 1259 540 1292 et
574 1253 762 1293 infinitas
795 1253 989 1293 actualis.
1056 1253 1304 1293 Dicendum
1337 1259 1402 1293 est
1432 1253 1551 1306 quod
1584 1253 1670 1292 sic:
1701 1265 1804 1292 nam

271 1333 350 1359 nos
373 1333 457 1359 non
481 1321 636 1360 damus
660 1321 720 1360 eis
750 1335 844 1361 esse
872 1335 1057 1362 vacuum
1090 1323 1331 1362 secundum
1363 1323 1603 1371 veritatem,
1625 1328 1690 1362 set
1722 1320 1803 1373 ipsi

272 1389 394 1437 dant,
415 1395 457 1428 et
490 1402 569 1428 nos
594 1391 757 1429 utimur
779 1391 922 1430 verbis
946 1404 1109 1430 eorum.
1174 1390 1232 1430 Et
1256 1391 1356 1442 quia
1386 1391 1474 1430 duo
1500 1391 1651 1431 dicunt
1682 1389 1803 1437 falsa,

271 1463 315 1496 et
338 1458 392 1496 de
414 1470 507 1497 esse
536 1464 579 1498 et
612 1459 666 1498 de
697 1459 877 1508 unitate,
907 1460 961 1498 ad
990 1472 1176 1511 quorum
1210 1466 1443 1511 utrumque
1475 1459 1667 1511 sequitur
1699 1471 1802 1499 con-

270 1526 571 1566 tradictorium
610 1526 716 1578 ejus,
747 1528 959 1567 debemus
1002 1528 1226 1568 destruere
1263 1542 1395 1568 unum
1428 1534 1470 1568 et
1503 1527 1704 1576 alterum,
1737 1533 1803 1567 set
1825 1545 1864 1566 20

269 1594 505 1645 aliquando
550 1595 795 1647 indigemus
841 1596 1062 1636 destruere
1111 1596 1239 1636 simul
1287 1604 1532 1649 utrumque,
1565 1596 1804 1648 aliquando

270 1675 417 1711 unum,
463 1662 702 1715 aliquando
755 1664 953 1704 alterum.
1039 1664 1090 1704 In
1142 1665 1223 1704 hoc
1276 1665 1404 1717 igitur
1461 1679 1562 1705 casu
1617 1665 1660 1704 in
1714 1678 1802 1717 quo

270 1730 532 1770 Aristoteles
584 1732 741 1784 arguit,
783 1745 869 1772 non
922 1746 1120 1773 curamus
1163 1734 1386 1774 destruere
1430 1747 1523 1774 esse
1569 1733 1693 1774 vacui
1737 1738 1802 1773 set

272 1799 494 1848 unitatem,
521 1799 527 1852 Ι
555 1800 658 1852 quia
698 1800 780 1840 1106
821 1800 924 1841 facit
968 1802 1022 1842 ad
1065 1802 1340 1855 propositum
1382 1803 1474 1854 ejus
1516 1808 1559 1842 et
1603 1807 1799 1842 nostrum

271 1867 325 1906 de
370 1867 588 1908 infinitate
630 1868 853 1919 locorum;
886 1877 929 1909 et
973 1870 1073 1910 ideo
1115 1870 1250 1910 stabit
1300 1870 1378 1910 1166
1420 1870 1644 1922 exposicio
1686 1870 1800 1910 facta
1825 1886 1861 1917 25

270 1936 324 1974 de
356 1942 617 1988 argumento
663 1936 928 1978 Aristotelis.
1004 1937 1136 1990 Quod
1180 1952 1367 1978 vacuum
1409 1952 1494 1978 non
1533 1944 1678 1992 potest
1710 1952 1803 1978 esse

270 2004 465 2053 omnino,
492 2004 726 2057 probatum
762 2012 827 2046 est
859 2020 936 2059 per
970 2007 1078 2046 duas
1111 2007 1306 2046 raciones
1338 2007 1558 2059 superius3
1591 2013 1634 2047 et
1666 2007 1800 2048 tercia

271 2079 358 2111 est:
391 2073 424 2111 si
448 2073 574 2112 detur
601 2087 704 2122 esse,
727 2075 846 2125 quod
872 2081 1079 2127 sequetur
1101 2074 1290 2115 infinitas
1317 2076 1359 2114 in
1387 2081 1501 2120 actu,
1523 2082 1570 2115 ut
1592 2076 1803 2129 accipitur

270 2153 325 2178 ex
356 2140 526 2179 racione
554 2140 819 2182 Aristotelis.
884 2143 944 2182 Et
980 2150 1136 2195 quarta
1170 2150 1262 2183 est:
1296 2145 1412 2194 quod
1447 2145 1627 2183 dantem
1664 2157 1800 2197 oppo-

268 2208 399 2247 situm
452 2210 588 2255 vacui,
633 2211 808 2259 scilicet,
851 2212 992 2264 ipsum
1035 2225 1123 2251 non
1176 2225 1282 2259 esse,
1324 2212 1541 2264 contingit
1593 2212 1801 2253 veraciter
1821 2228 1860 2259 30

268 2276 435 2316 salvare
467 2278 612 2317 omnia
651 2279 863 2319 naturalia
896 2280 938 2318 in
971 2280 1054 2320 hoc
1088 2281 1265 2330 mundo,
1296 2286 1476 2333 propter
1511 2293 1597 2332 que
1633 2281 1798 2333 antiqui
1884 2283 1898 2340 Ι

271 2343 489 2385 finxerunt
545 2359 761 2394 vacuum3
823 2347 959 2387 immo
1022 2348 1166 2400 posito
1219 2361 1370 2396 vacuo,
1428 2348 1679 2401 inpossibile
1735 2355 1800 2389 est
1884 2341 1898 2376 l

271 2413 485 2452 naturalia
526 2413 696 2466 salvari,
733 2420 779 2454 ut
821 2417 1074 2468 expositum
1116 2423 1181 2456 est
1223 2417 1276 2457 de
1318 2422 1439 2456 motu
1483 2416 1622 2466 locali,
1659 2424 1704 2457 et
1745 2418 1799 2457 de
1883 2378 1886 2471 l

272 2481 448 2521 accione
471 2488 514 2522 et
535 2484 748 2534 passione,
772 2490 813 2524 et
838 2484 944 2534 aliis,
968 2492 1237 2538 quapropter
1269 2498 1353 2525 non
1386 2485 1516 2525 debet
1547 2499 1624 2527 nec
1653 2491 1797 2540 potest
1877 2470 1898 2547 ξ]

273 2550 374 2602 poni
427 2564 609 2590 vacuum
649 2550 653 2605 Ι
695 2552 736 2592 in
789 2552 870 2592 hoc
923 2554 1099 2593 mundo.
1162 2552 1239 2593 Set
1287 2566 1363 2593 nec
1405 2559 1531 2593 extra
1575 2555 1799 2606 mundum,
1817 2566 1855 2599 35
1881 2550 1898 2615 ζ’

1894 2062 1898 2081 l

315 2692 333 2710 2
358 2682 478 2722 nichil]
496 2684 549 2713 vel
568 2684 600 2713 F
729 2687 793 2723 5⁴6
815 2696 833 2715 a
851 2695 911 2716 suo
930 2709 936 2715 .
954 2709 961 2717 .
983 2710 988 2716 .
1008 2687 1186 2717 radicalem
1204 2687 1277 2717 Ft'n
1295 2698 1402 2726 marg.
1548 2698 1582 2717 11
1609 2687 1798 2727 remaneat]

273 2739 425 2763 remanet
443 2733 475 2762 F
611 2745 648 2773 14
673 2736 795 2776 vacuo]
814 2747 955 2767 vacuum
974 2737 1008 2766 D
1144 2739 1181 2767 18
1205 2737 1336 2778 dicunt]
1355 2739 1467 2769 dicant
1484 2738 1507 2768 b
1656 2749 1695 2779 19
1719 2749 1799 2770 con-

272 2783 517 2825 tradictorium]
536 2786 839 2817 contradiccionem
858 2788 889 2817 F
1040 2798 1079 2826 31
1105 2788 1249 2829 antiqui]
1266 2790 1405 2828 antiqua
1422 2790 1463 2819 M
