1898 3126
816 137 897 178 303

100 252 155 278 cx
179 237 477 289 superfluitate
507 237 695 283 seminis,
719 245 759 278 et
789 244 940 278 natura
969 237 1154 277 sollicita
1183 237 1224 276 in
1249 251 1327 277 sua
1359 238 1620 290 operacione

98 307 274 359 quando
305 307 424 346 videt
455 307 570 359 quod
602 320 688 346 non
723 312 870 359 potest
897 313 1040 347 totum
1072 319 1220 346 semen
1253 305 1438 346 formare
1467 306 1508 346 in
1534 319 1620 345 uno

98 375 320 415 individuo
372 374 530 414 format
583 374 623 414 in
671 375 841 416 duobus
892 388 946 415 ne
997 375 1031 414 si
1085 373 1342 427 relinqueret
1391 375 1619 414 materiam

99 443 324 484 informem
357 443 450 496 ipsa
481 443 731 496 putrefieret
761 451 803 484 et
836 449 1133 496 corrumperet
1167 443 1413 495 subjectum
1442 449 1484 483 et
1522 443 1621 483 ideo

59 534 76 565 5
97 518 251 552 natura
283 511 384 552 facit
415 512 533 564 quod
568 512 708 552 minus
741 511 903 553 malum
936 518 1012 559 est,
1039 518 1081 552 et
1114 512 1315 565 producit
1347 511 1618 551 individuum

94 579 362 634 superfluum
397 587 444 620 ut
474 587 641 633 partem
675 581 743 621 vel
766 587 919 621 totum.
983 581 1040 621 Et
1062 580 1144 621 hoc
1171 580 1273 620 facit
1296 593 1352 620 ex
1376 579 1621 620 intencione

96 649 348 690 secundaria
369 663 454 689 non
478 649 715 702 principali,
739 656 781 690 et
805 650 901 690 ideo
926 663 1002 702 per
1023 649 1233 696 accidens,
1257 654 1300 689 et
1330 654 1508 702 propter
1537 648 1620 689 hoc

97 724 277 759 vocatur
298 731 373 758 ens
395 732 472 772 per
493 719 703 759 accidens.

155 786 235 827 Set
257 788 432 839 quando
455 787 725 827 individuum
756 786 933 828 alterius
959 787 1114 839 speciei
1145 799 1219 826 seu
1243 792 1385 826 totum
1409 787 1498 826 sive
1520 799 1619 838 pars

40 877 76 899 10
95 856 372 909 producatur,
406 862 508 896 tunc
542 869 628 896 non
658 862 722 896 est
754 856 895 896 solum
928 860 1154 909 peccatum
1186 860 1253 895 set
1285 861 1540 903 monstrum,
1572 861 1620 895 ut

96 937 193 964 cum
219 924 370 964 mulier
392 925 522 965 enixa
550 931 615 965 est
639 924 821 965 vitulum
851 924 918 964 vel
947 924 1064 964 aliud
1088 923 1259 974 animal,
1283 931 1330 964 ut
1363 924 1547 976 legimus
1578 925 1618 963 in

96 993 291 1033 historiis.
353 993 411 1033 Et
452 994 570 1046 quod
614 993 726 1033 filius
767 993 954 1033 hominis
994 992 1147 1033 habuit
1192 1000 1323 1046 caput
1373 993 1533 1044 arietis,
1572 999 1619 1032 ut

95 1061 389 1114 exemplificat
417 1061 645 1102 Avicenna
678 1062 748 1101 180
770 1062 838 1102 De
864 1062 1153 1102 Animalibus.
1216 1062 1275 1102 Et
1305 1062 1366 1102 sic
1396 1062 1451 1101 de
1480 1061 1619 1102 brutis

95 1130 355 1171 animalibus
396 1131 514 1183 quod
556 1130 719 1172 faciunt
761 1131 872 1172 filios
913 1131 1090 1171 alterius
1131 1131 1303 1184 speciei,
1338 1130 1454 1170 unde
1490 1143 1619 1170 omne

38 1218 73 1250 ¹5
95 1206 339 1240 monstrum
389 1206 454 1240 est
505 1207 747 1253 peccatum,
791 1206 857 1240 set
908 1213 995 1240 non
1047 1201 1323 1240 convertitur.
1388 1200 1446 1240 Et
1490 1213 1618 1240 causa

97 1269 278 1309 monstri
315 1268 481 1322 duplex
516 1275 595 1317 est,
625 1276 700 1310 aut
733 1275 911 1322 propter
947 1269 1310 1309 commixtionem
1349 1269 1617 1309 diversorum

94 1337 306 1377 seminum
329 1338 439 1379 sicut
462 1337 604 1378 mulus
624 1345 852 1390 generatur
870 1352 925 1377 ex
948 1338 1068 1378 asino
1091 1345 1134 1379 et
1156 1351 1279 1390 equa,
1303 1345 1346 1378 et
1368 1351 1425 1377 ex
1448 1351 1554 1377 cane
1576 1343 1619 1377 et

96 1406 196 1459 lupa
227 1413 490 1459 generantur
518 1407 662 1453 catuli,
685 1413 727 1446 et
755 1407 812 1446 sic
843 1406 999 1460 plures,
1026 1413 1101 1447 aut
1131 1407 1346 1460 contingit
1380 1420 1436 1446 ex
1473 1406 1619 1459 aliqua

95 1474 362 1527 figuracione
385 1475 548 1524 celesti,
571 1482 617 1515 ut
642 1475 864 1515 Avicenna
886 1476 1012 1515 docet
1039 1475 1148 1515 libro
1182 1481 1434 1515 memorato.
1500 1474 1617 1514 Nam

36 1563 74 1584 20
94 1543 270 1597 quando
304 1543 581 1596 complentur
618 1549 762 1584 motus
805 1544 1077 1596 planetarum
1119 1543 1324 1584 alciorum
1362 1549 1405 1584 et
1440 1544 1618 1596 quando

95 1612 427 1665 conjuncciones
470 1626 619 1653 eorum
663 1612 943 1665 perficiuntur
983 1613 1219 1653 secundum
1256 1612 1415 1653 multas
1452 1611 1617 1652 revolu—

97 1682 242 1722 ciones
277 1694 504 1728 annorum,
540 1680 648 1721 fiunt
684 1681 935 1734 hujusmodi
973 1688 1169 1721 monstra
1204 1682 1408 1735 precipue
1443 1686 1623 1735 propter

97 1749 430 1802 conjuncciones
472 1750 592 1802 Jovis
634 1763 731 1790 cum
776 1749 870 1789 aliis
911 1749 1109 1803 planetis,
1148 1757 1215 1790 set
1257 1751 1450 1790 maxime
1492 1763 1623 1803 penes

98 1819 431 1871 conjuncciones
469 1819 561 1871 ejus
595 1826 639 1859 et
677 1817 864 1866 Saturni,
901 1831 1083 1870 quarum
1119 1831 1203 1858 una
1239 1826 1304 1858 est
1342 1819 1383 1858 in
1424 1818 1624 1859 omnibus

41 1907 78 1938 25
98 1888 252 1941 viginti
283 1888 405 1927 annis
438 1894 480 1927 et
512 1886 595 1927 alia
622 1888 664 1926 in
695 1887 898 1927 omnibus
927 1887 1123 1927 ducentis
1150 1886 1156 1940 Ι
1184 1887 1474 1940 quadraginta
1503 1887 1625 1927 annis
1643 1894 1682 1925 88
1701 1895 1721 1925 b
1741 1903 1764 1929 1,

102 1963 146 1997 et
196 1956 328 1997 tercia
371 1957 412 1995 in
465 1956 668 1996 omnibus
709 1955 941 2009 nongentis
981 1957 1210 2008 sexaginta
1254 1955 1390 1997 annis.
1453 1955 1503 1995 In
1544 1955 1625 1995 hiis

107 2025 487 2079 conjunccionibus
517 2025 710 2064 variatur
741 2030 895 2065 natura
928 2024 1113 2065 multum
1148 2032 1238 2065 tam
1270 2025 1311 2064 in
1343 2024 1626 2078 generacione

105 2101 380 2135 monstruosa
414 2107 543 2146 quam
578 2094 619 2133 in
653 2099 768 2133 recta
800 2099 842 2132 et
876 2092 985 2133 fiunt
1016 2093 1177 2134 diluvia
1214 2099 1257 2134 et
1290 2100 1551 2135 terremotus
1583 2100 1625 2134 et

102 2164 214 2205 aeris
256 2163 375 2216 ignes
417 2170 464 2203 ut
507 2170 677 2203 comete
718 2168 760 2202 et
801 2161 884 2202 alie
925 2162 1230 2215 impressiones
1272 2162 1540 2203 inflammate
1582 2169 1624 2204 et

34 2251 74 2281 30
101 2233 293 2287 gravitas
315 2232 473 2272 accidit
498 2244 670 2271 annone
692 2237 735 2271 et
758 2236 950 2271 monstra
982 2231 1177 2283 predicta
1200 2237 1243 2272 et
1270 2231 1420 2282 multa,
1442 2232 1552 2273 sicut
1583 2232 1622 2272 in

101 2302 196 2343 aliis
218 2301 381 2353 scripsi.

161 2369 240 2410 Set
262 2369 625 2410 considerandum
648 2375 713 2409 est
738 2369 856 2421 quod
885 2368 1133 2421 hujusmodi
1160 2376 1340 2422 peccata
1361 2375 1405 2409 et
1432 2375 1625 2410 monstra

109 2452 195 2480 non
218 2438 380 2479 cadunt
401 2439 444 2478 in
465 2437 625 2491 plantis
654 2444 718 2478 set
741 2437 782 2477 in
804 2436 1074 2478 animalibus.
1138 2438 1254 2478 Nam
1285 2445 1429 2491 partes
1459 2439 1624 2478 anima-

106 2508 215 2548 lium
251 2514 351 2548 sunt
388 2507 677 2547 determinate
718 2506 760 2545 in
804 2518 985 2546 numero
1020 2513 1063 2546 et
1096 2505 1233 2560 figura
1261 2513 1440 2561 propter
1470 2507 1623 2546 nobili-

34 2594 73 2625 35
100 2583 238 2618 tatem
264 2590 339 2617 sue
360 2583 525 2627 nature,
551 2582 593 2615 et
626 2580 804 2628 propter
831 2574 913 2614 hoc
942 2575 1117 2628 quando
1146 2575 1331 2616 occurrit
1352 2575 1469 2616 aliud
1491 2589 1624 2628 quam

103 2645 223 2699 quod
274 2645 610 2686 determinatum
654 2651 719 2683 est
776 2644 817 2683 in
866 2650 1022 2684 natura
1070 2643 1282 2694 animalis,
1325 2650 1427 2685 tunc
1468 2644 1624 2685 accidit

149 2754 197 2783 13,
218 2753 257 2783 19
280 2746 334 2774 De
350 2743 608 2783 Animalibus]
629 2743 649 2774 s.
668 2744 709 2782 63
723 2754 741 2774 a
764 2751 787 2781 1,
808 2742 861 2774 ed.
880 2744 974 2781 1508.
1111 2753 1216 2782 30-31
1241 2744 1284 2774 in
1300 2745 1384 2774 aliis
1401 2742 1549 2784 scripsi]
1565 2752 1624 2773 sce

105 2796 164 2836 Op.
183 2795 264 2836 Maj.
286 2795 305 2826 i.
325 2796 400 2834 256,
418 2795 470 2824 ed.
489 2794 643 2833 Bridges.
