1898 3126
984 82 1065 133 258

255 197 353 237 ideo
377 196 418 236 in
441 196 515 236 illo
539 195 714 237 instanti
737 196 857 248 quod
891 202 955 236 est
978 195 1074 236 finis
1096 196 1238 236 tocius
1263 196 1474 248 temporis
1497 196 1786 236 mensurantis

254 265 645 306 transmutaciones
660 264 944 306 terminorum
963 264 1148 305 duorum
1164 264 1292 305 simul
1308 269 1624 314 concurrentes,
1642 263 1788 304 dicen-

253 334 357 373 dum
382 340 448 374 est
469 334 587 387 quod
611 347 723 374 nunc
745 339 811 374 est
834 333 995 374 mobile
1016 333 1097 374 sub
1126 334 1312 374 termino
1332 333 1387 374 ad
1410 346 1542 386 quem
1571 331 1788 385 complete

254 409 297 442 et
320 403 435 456 prius
457 415 545 443 non
567 402 658 452 fuit,
680 408 723 443 et
745 416 859 442 nunc
883 415 969 443 non
992 408 1057 443 est
1080 402 1161 442 sub
1189 402 1374 443 termino
1406 417 1431 443 a
1462 415 1551 455 quo
1575 407 1640 442 set
1669 401 1787 454 prius

254 470 347 511 fuit.
410 471 456 512 Si
480 485 583 524 ergo
608 471 789 512 materia
822 477 1139 511 transmutetur
1160 471 1216 511 ab
1245 484 1358 523 aqua
1385 470 1428 510 in
1459 471 1620 524 ignem,
1642 470 1786 510 dicam
1807 487 1825 518 5

254 540 370 592 quod
410 541 452 580 in
492 540 574 580 fine
606 539 650 579 A
682 539 903 592 temporis,
932 540 1051 593 quod
1083 546 1149 580 est
1184 538 1233 591 C,
1264 553 1374 580 nunc
1406 540 1547 593 primo
1578 544 1645 579 est
1677 538 1787 591 ignis

254 615 469 661 quantum
512 610 567 649 ad
605 609 1017 650 denominacionem
1064 608 1332 662 completam
1375 615 1419 649 et
1460 607 1708 649 absolutam
1744 613 1787 647 et

254 678 373 730 prius
395 691 483 718 non
505 677 585 718 fuit
605 694 613 725 3
646 691 759 718 nunc
781 691 867 718 non
891 685 957 719 est
979 691 1105 731 aqua,
1132 684 1198 719 set
1216 678 1334 731 prius
1356 676 1447 727 fuit,
1469 683 1513 718 et
1533 676 1648 717 istud
1671 676 1788 729 prius

254 759 338 785 non
362 752 427 786 θεῖ
449 745 627 799 aliquod
654 747 836 796 instans,
856 747 958 799 quia
981 753 1081 787 ante
1103 746 1136 787 C
1155 753 1198 787 et
1217 747 1328 787 inter
1345 752 1520 799 tempus
1536 745 1581 785 A
1599 758 1685 785 non
1708 743 1788 785 fuit

254 813 370 854 aliud
404 814 581 864 instanS,
604 828 684 855 nec
715 814 849 856 habet
871 814 915 854 A
939 816 1050 856 duos
1081 814 1200 866 fines,
1223 820 1490 868 quapropter
1522 814 1638 855 istud
1670 813 1788 866 prius
1813 829 1850 851 [ο

253 889 318 922 θεῖ
341 889 482 923 totum
506 889 681 936 tempus
704 883 748 923 A
766 883 834 924 vel
859 884 1005 937 aliqua
1027 898 1126 937 pars
1148 883 1241 936 ejus
1263 882 1457 937 aliquota
1479 882 1692 935 signanda
1714 895 1790 934 per

254 951 509 992 divisionem
533 952 745 1005 temporis
761 951 874 993 illius
897 953 939 993 in
955 959 1101 1005 partes
1123 953 1232 994 tales
1247 954 1364 1006 apud
1386 951 1787 993 consideracionem

255 1020 509 1060 intellectus.
588 1021 647 1062 Et
688 1021 771 1062 hoc
814 1021 1082 1063 Aristoteles
1129 1022 1392 1062 determinat
1433 1022 1476 1061 in
1515 1021 1602 1062 fine
1648 1019 1788 1061 octavi

254 1088 527 1129 Pllz'sicorum
550 1089 787 1138 manifeste,
811 1090 882 1131 ubi
907 1091 1029 1143 ponit
1051 1104 1199 1131 casum
1222 1091 1339 1144 quod
1364 1089 1566 1131 Socrates
1587 1090 1642 1130 sit
1664 1088 1790 1129 albus

106 1174 145 1205 74
162 1165 184 1196 b
204 1175 235 1200 2.
256 1164 299 1198 et
320 1164 636 1199 transmutetur
657 1159 712 1199 ab
735 1160 836 1200 albo
860 1160 901 1199 in
925 1173 1011 1200 non
1043 1160 1193 1200 album
1224 1160 1227 1213 l
1255 1173 1329 1200 seu
1356 1159 1545 1213 nigrum,
1567 1164 1611 1199 et
1632 1158 1686 1198 sit
1707 1157 1787 1197 hec
1812 1176 1846 1206 15
1897 1175 1898 1197 l

255 1228 569 1268 transmutacio
602 1228 644 1267 in
679 1228 722 1268 A
751 1234 965 1281 tempore,
988 1237 1031 1270 et
1054 1230 1108 1270 sit
1133 1229 1166 1270 C
1189 1229 1281 1282 ejus
1305 1229 1414 1279 finis,
1436 1228 1496 1268 sic
1526 1227 1642 1268 enim
1666 1226 1788 1280 ponit

254 1296 446 1335 nomina.
508 1296 627 1337 Dicit
651 1310 754 1350 ergo
772 1298 889 1350 quod
915 1297 1115 1339 Socrates
1138 1305 1204 1338 est
1226 1298 1352 1338 albus
1375 1298 1418 1337 in
1439 1303 1536 1337 toto
1559 1296 1601 1336 A
1624 1302 1788 1350 preter-

255 1377 387 1416 quam
423 1364 465 1404 in
497 1364 590 1417 ejus
623 1365 708 1406 fine
730 1368 850 1419 quod
881 1375 946 1408 est
979 1367 1026 1409 C.
1087 1368 1187 1420 Jam
1224 1367 1341 1408 enim
1377 1366 1410 1407 C
1441 1372 1505 1406 est
1537 1365 1788 1419 posterioris

256 1434 483 1486 passionis,
507 1434 670 1475 scilicet
688 1437 860 1476 termini
881 1437 935 1477 ad
951 1450 1082 1488 quem
1101 1442 1148 1476 ut
1171 1437 1212 1476 in
1236 1450 1286 1476 eo
1301 1435 1393 1489 jam
1412 1434 1616 1476 Socrates
1629 1434 1684 1475 sit
1701 1447 1788 1474 non

33 1508 65 1537 F.
91 1516 147 1537 112
167 1518 184 1537 a
207 1517 232 1537 1.
254 1501 377 1542 albus
415 1509 457 1542 et
492 1503 623 1557 niger.
688 1504 734 1546 Si
763 1504 767 1558 l
795 1519 897 1545 vero
938 1512 1144 1559 arguatur
1173 1505 1291 1558 quod
1329 1504 1592 1545 Aristoteles
1620 1503 1714 1544 vult
1746 1504 1788 1543 in
1811 1525 1850 1547 20

255 1570 299 1608 6⁰
322 1570 594 1612 Pllisz'corum
617 1573 736 1625 quod
760 1573 794 1614 si
817 1574 983 1626 aliquid
1006 1579 1321 1615 transmutetur
1342 1574 1384 1613 in
1415 1573 1565 1626 aliquo
1589 1579 1787 1625 ternpore

254 1645 571 1681 transmutetur
603 1643 643 1681 in
678 1641 874 1694 quolibet
904 1643 1009 1696 ejus,
1041 1651 1106 1684 set
1138 1643 1244 1682 dum
1274 1648 1591 1683 transmutatur
1609 1647 1675 1682 est
1706 1641 1787 1681 sub

253 1708 399 1760 aliqua
426 1711 641 1762 passione,
674 1725 779 1764 ergo
811 1713 892 1752 sub
927 1713 999 1752 illa
1032 1713 1231 1765 passione
1269 1712 1349 1752 erit
1378 1712 1419 1751 in
1448 1711 1647 1764 quolibet
1679 1710 1786 1763 ejus,

254 1785 298 1817 et
343 1778 402 1819 ita
440 1779 482 1818 in
515 1778 597 1819 fine
631 1780 752 1833 ejus;
794 1795 943 1822 verum
982 1788 1049 1823 est
1083 1782 1124 1821 in
1160 1780 1371 1834 quolibet,
1408 1781 1451 1820 id
1495 1787 1573 1830 est,
1606 1780 1648 1819 in
1681 1793 1786 1832 qua-

79 1862 120 1891 D.
139 1860 178 1891 68
198 1861 229 1892 b.
254 1846 360 1886 libet
388 1844 395 1901 Ι
422 1855 545 1900 parte
576 1848 694 1901 ejus3
728 1855 770 1890 et
797 1849 880 1891 hoc
912 1850 1005 1891 vult
1039 1850 1081 1890 in
1116 1856 1275 1890 sexto:
1307 1856 1374 1891 set
1403 1862 1489 1890 non
1518 1849 1560 1889 in
1589 1848 1786 1902 quolibet
1809 1867 1846 1899 25

252 1915 355 1967 ejus,
398 1915 458 1956 ita
496 1923 543 1956 ut
581 1918 846 1959 extendatur
882 1919 1136 1961 distribucio
1170 1919 1226 1960 ad
1264 1925 1433 1973 partem
1476 1924 1519 1958 et
1551 1917 1786 1959 terminum

252 1985 486 2037 temporis;
531 1986 589 2027 sic
623 1987 737 2027 enim
771 1995 902 2041 negat
935 1989 976 2028 in
1009 1995 1179 2029 octavo.
1255 1987 1304 2028 In
1340 1987 1414 2027 illo
1451 1987 1568 2028 enirn
1601 1985 1787 2028 termino

253 2065 339 2094 non
377 2060 442 2095 est
465 2061 610 2096 motus
638 2063 703 2096 set
728 2055 820 2108 jam
850 2063 1019 2097 motum
1043 2063 1120 2105 est,
1144 2063 1186 2097 et
1216 2057 1315 2097 ideo
1344 2069 1424 2097 nec
1455 2055 1527 2097 illa
1550 2055 1694 2108 passio
1721 2060 1787 2095 set

251 2121 342 2173 jam
365 2130 568 2177 corrupta
591 2131 668 2172 est,
692 2138 772 2166 nec
793 2136 859 2166 est
886 2124 1086 2167 finaliter.
1149 2124 1194 2166 Si
1216 2139 1319 2166 vero
1342 2125 1511 2165 dicatur
1532 2123 1651 2177 quod
1677 2123 1787 2164 sicut

252 2191 469 2244 contingit
503 2207 675 2234 sumere
708 2194 898 2247 primum
937 2195 978 2235 in
1013 2208 1108 2236 esse
1136 2194 1358 2247 completo
1392 2194 1484 2247 ejus
1516 2193 1690 2234 termini
1729 2193 1784 2235 ad
1808 2211 1850 2241 30

303 2359 341 2387 14
366 2352 614 2392 Phisieorum]
633 2352 698 2382 viii.
716 2354 767 2392 69.
936 2363 974 2383 21
1002 2349 1256 2392 Phisieorum]
1274 2353 1314 2384 vi.
1335 2353 1387 2391 36.
1531 2361 1574 2390 29
1597 2349 1683 2381 from
1703 2349 1786 2381 ‘nec

257 2401 331 2431 est'
351 2401 383 2431 F
399 2403 498 2433 omits
521 2407 556 2434 to
577 2414 609 2443 p.
627 2405 700 2442 262,
722 2405 741 2436 l.
763 2405 801 2434 16
821 2404 1095 2444 ‘corrupcionem
1119 2405 1343 2435 successivam
1359 2404 1379 2443 ’‚
1401 2403 1621 2443 presumably
1637 2413 1656 2433 a
1672 2402 1743 2434 leaf
1753 2402 1792 2434 of

259 2453 413 2492 original.

299 2614 318 2632 2
343 2603 458 2644 simul]
478 2610 556 2634 sunt
572 2605 670 2635 simul
689 2605 719 2634 F
845 2604 1038 2645 dicendum]
1058 2605 1100 2635 Et
1117 2604 1297 2635 dicendum
1314 2604 1346 2634 F
1541 2614 1576 2635 11
1603 2604 1784 2645 signanda]

253 2653 399 2693 aliquota
417 2656 581 2694 signanda
598 2656 630 2685 F
789 2667 827 2687 12
852 2656 1070 2697 divisionem]
1088 2656 1333 2687 dimensionem
1352 2656 1385 2685 D
1542 2666 1580 2694 14
1604 2656 1676 2697 ubi]
1695 2655 1740 2686 ibi
1756 2656 1789 2686 F

258 2707 296 2736 16
322 2707 491 2747 tempore]
510 2713 672 2746 tempore,
691 2712 726 2737 ut
744 2709 838 2747 pouit
854 2708 888 2738 D
1046 2718 1086 2748 19
1109 2708 1167 2748 eo]
1186 2718 1262 2738 esse
1279 2708 1313 2737 D
1469 2717 1509 2745 25
1534 2707 1648 2748 sexto]
1666 2707 1783 2738 FMz'n

255 2766 361 2796 ἠως.
383 2763 500 2788 octavo
634 2769 673 2798 27
698 2759 815 2799 negat]
834 2765 929 2790 notat
949 2759 981 2788 l)
1114 2760 1154 2789 28
1178 2759 1251 2799 nec]
1270 2765 1303 2790 et
1320 2769 1387 2790 non
1406 2758 1474 2788 DF
