1898 3126
34 861 74 884 10

36 1209 73 1240 ¹5

38 1550 76 1571 20

39 1891 74 1922 ²5

38 2232 78 2260 30

821 125 900 168 253

90 231 225 273 cionis
247 231 406 271 durant
427 231 469 270 in
492 235 587 270 toto
609 235 808 282 tempore
830 229 937 269 dato
961 241 1097 280 usque
1120 229 1175 268 ad
1199 227 1365 266 instans
1387 224 1619 273 exclusive,

89 306 132 340 et
164 300 282 353 quod
318 311 410 339 esse
442 297 615 338 termini
647 312 673 338 a
698 311 786 350 quo
819 304 1091 337 mensuratur
1121 295 1196 335 illo
1227 302 1425 346 tempore
1457 299 1500 333 et
1532 305 1618 332 non

91 368 238 420 aliquo
283 367 476 413 instanti,
524 372 567 406 et
614 379 690 418 per
740 372 885 406 totum
937 365 1040 405 illud
1088 371 1264 415 tempus
1312 361 1621 402 denominatur

93 436 254 476 mobile
290 436 371 476 sub
405 448 498 475 esse
536 434 708 474 termini
742 448 767 474 a
803 447 903 486 quo.
965 433 1081 486 Quia
1123 429 1383 471 Aristoteles
1416 429 1535 478 dicit,
1577 434 1623 481 50

90 504 378 552 Plzz'sz'corztrzz,
409 509 584 555 oportet
621 517 715 543 esse
749 503 867 555 quod
907 501 1200 554 corrumpitur
1232 499 1467 540 secundum
1502 498 1619 550 quod

92 573 418 625 corrupcionem
441 572 548 612 dicit
572 578 755 622 motum,
779 577 821 610 et
843 570 1042 611 similiter
1074 571 1116 610 in
1145 567 1185 607 8⁶
1208 567 1496 615 Pllisicorum,
1518 566 1622 606 dicit

92 642 208 694 quod
228 641 271 681 in
294 647 493 694 tempore
511 640 584 680 illo
603 646 698 681 toto
718 640 877 680 mobile
895 640 1052 679 dicitur
1069 652 1162 679 esse
1180 638 1260 678 sub
1277 636 1464 677 termino
1482 650 1507 676 a
1524 648 1623 688 quo,

92 717 156 750 set
185 710 422 751 secundum
454 710 572 762 quod
605 709 710 750 dicit
744 709 1052 758 mutacionem‚
1075 708 1135 747 sic
1157 714 1222 747 est
1244 706 1286 746 in
1310 705 1501 745 instanti.
1564 704 1623 744 Et

93 778 253 819 mobile
286 778 445 818 dicitur
478 792 573 818 esse
601 778 682 818 sub
717 791 802 818 non
835 791 928 817 esse
964 775 1135 817 termini
1173 775 1227 815 ad
1261 788 1389 827 quem
1422 780 1518 814 toto
1549 771 1624 812 illo

93 853 302 900 tempore,
325 846 525 899 quamvis
552 860 722 899 semper
754 845 917 898 aliquid
948 845 1203 897 adquiratur
1225 844 1279 883 de
1309 856 1401 883 6556
1431 842 1534 895 ejus,
1558 848 1623 881 set

93 916 195 969 quia
223 916 418 955 nondum
442 914 593 955 habuit
626 914 1001 967 complementum
1033 913 1217 961 essendi,
1240 918 1305 952 set
1335 917 1398 950 est
1422 911 1464 950 in
1486 910 1557 949 via
1580 916 1622 949 et

95 991 216 1025 motu
249 997 420 1037 semper
452 985 506 1024 ad
539 984 787 1033 terminum,
811 983 909 1022 ideo
942 995 1029 1022 non
1061 981 1369 1022 denominatur
1391 993 1415 1019 a
1437 979 1622 1019 termino

93 1053 147 1093 ad
180 1066 311 1105 quem
339 1051 344 1106 Ι
373 1053 482 1092 sicut
514 1066 539 1092 a
570 1053 756 1092 termino
793 1067 818 1092 a
849 1065 952 1104 quo,
983 1064 1113 1103 quem
1147 1049 1364 1101 complete
1393 1047 1545 1087 habuit
1581 1053 1622 1085 et

93 1121 288 1173 possedit
310 1121 351 1161 in
375 1122 533 1173 quiete.
589 1120 749 1161 Omnia
767 1120 991 1172 igiturhec
1009 1119 1248 1172 probantur
1269 1117 1341 1157 sic.
1386 1116 1624 1167 Corrupcio

94 1189 215 1230 finita
250 1196 327 1239 est,
369 1197 411 1230 et
450 1190 547 1229 ideo
584 1189 830 1242 completur
868 1190 908 1228 in
943 1196 1140 1241 tempore
1177 1186 1301 1227 finito
1337 1185 1494 1238 aliquo.
1558 1183 1624 1224 Sit

94 1257 198 1299 illud
223 1259 278 1307 A,
303 1259 362 1299 ita
384 1259 502 1311 quod
527 1258 640 1299 ultra
665 1259 806 1310 ipsum
830 1258 874 1297 A
897 1257 1070 1297 finitum
1105 1269 1190 1297 non
1225 1261 1483 1309 expectetur
1505 1253 1622 1293 aliud

94 1335 267 1380 tempus
298 1341 375 1367 nec
410 1328 573 1367 instans
606 1328 723 1379 quod
757 1327 973 1367 deserviat
1003 1325 1283 1378 corrupcioni‚
1307 1323 1409 1375 quia
1438 1322 1472 1361 si
1506 1322 1622 1361 aliud

94 1403 267 1448 tempus
290 1396 538 1448 exigeretur
560 1409 658 1435 cum
682 1395 738 1445 A,
762 1403 862 1436 tunc
892 1408 1107 1448 ponamus
1139 1393 1243 1433 illud
1273 1399 1446 1444 tempus
1469 1404 1624 1443 aggre-

93 1464 185 1517 gari
208 1478 305 1505 cum
328 1464 386 1514 A,
411 1471 456 1504 ut
480 1463 554 1504 fiat
582 1471 757 1518 tempus
780 1463 934 1516 equale
957 1461 1229 1515 corrupcioni
1253 1460 1429 1513 precise,
1451 1465 1495 1499 et
1518 1458 1624 1498 illud

94 1533 235 1574 adhuc
258 1540 436 1574 vocetur
459 1533 515 1572 A.
578 1533 679 1573 Non
707 1533 819 1572 enim
850 1532 1070 1585 querimus
1099 1530 1177 1570 nisi
1206 1536 1381 1581 tempus
1410 1527 1622 1580 precisum

93 1602 397 1655 corrupcionis,
429 1614 507 1641 nec
538 1607 682 1653 preter
713 1607 888 1654 tempus
922 1600 1091 1640 finitum
1125 1599 1169 1639 A
1207 1603 1383 1650 oportet
1412 1597 1626 1648 requirere

95 1669 211 1710 aliud
235 1671 400 1711 instans
417 1683 549 1722 quam
574 1669 705 1710 finem
725 1683 866 1721 suum,
887 1670 988 1722 quia
1006 1668 1109 1708 illud
1127 1668 1292 1706 instans
1314 1666 1395 1705 erit
1417 1664 1625 1704 terminus

95 1738 269 1779 alterius
291 1739 501 1792 temporis
523 1738 641 1792 quod
666 1752 750 1778 non
773 1737 1009 1791 pertinebit
1031 1737 1086 1776 ad
1120 1735 1472 1787 corrupcionem3
1506 1745 1622 1784 ergo,

95 1821 173 1848 nec
199 1808 297 1848 finis
328 1808 420 1861 ejus
445 1822 470 1847 a
500 1814 625 1860 parte
657 1813 774 1856 ante,
806 1806 925 1858 quod
958 1811 1022 1845 cst
1054 1805 1158 1844 illud
1193 1804 1357 1843 instans
1387 1802 1623 1842 secundum

96 1875 204 1917 falso
241 1876 509 1930 assignatum
545 1889 570 1914 a
603 1874 746 1927 vulgo,
783 1875 902 1927 quod
938 1873 1063 1926 ponit
1098 1874 1186 1913 duo
1223 1871 1445 1911 instancia.
1510 1868 1624 1908 Illud

95 1945 209 1985 enim
232 1946 397 1986 instans
419 1945 670 1995 secundum,
692 1944 810 1996 quod
834 1949 898 1982 est
922 1942 1185 1995 principium
1209 1939 1387 1980 secundi
1414 1936 1624 1991 temporis

95 2014 326 2067 sequentis,
361 2014 579 2054 diversum
616 2027 640 2052 a
679 2011 765 2051 fine
797 2012 1003 2064 temporis
1041 2009 1324 2064 precedentis,
1358 2021 1443 2047 non
1478 2012 1626 2059 posset

96 2084 257 2124 habere
288 2088 533 2135 respectum
564 2081 618 2121 ad
649 2080 976 2133 corrupcionem
1006 2079 1085 2118 nisi
1116 2091 1191 2130 per
1216 2085 1390 2129 tempus
1413 2075 1534 2127 cujus
1560 2080 1625 2114 est

96 2151 370 2204 principium,
392 2151 495 2204 quia
516 2150 682 2190 instans
705 2163 791 2190 non
812 2149 1017 2202 queritur,
1031 2147 1111 2188 nisi
1134 2154 1313 2201 propter
1334 2153 1517 2198 temqu
1540 2157 1625 2184 non

96 2222 210 2261 enim
234 2226 380 2273 potest
404 2232 498 2259 esse
515 2225 689 2272 tempus
705 2219 784 2258 nisi
808 2218 995 2266 finiatur,
1014 2225 1055 2257 et
1074 2217 1172 2256 ideo
1195 2216 1360 2256 instans
1383 2213 1626 2266 requiritur.

97 2289 191 2329 Nec
213 2295 359 2342 posset
384 2287 607 2341 corrupcio
621 2287 802 2328 transire
817 2286 929 2326 ultra
953 2284 1079 2324 finem
1094 2285 1158 2325 sui
1180 2282 1402 2335 temporis,
1419 2281 1625 2334 quoniam

97 2363 336 2410 coequatur
371 2357 423 2407 ei,
458 2363 501 2397 et
538 2356 637 2397 ideo
673 2369 759 2395 non
794 2354 971 2406 attingit
1004 2353 1060 2393 ad
1094 2352 1270 2405 aliquod
1305 2352 1468 2391 instans
1500 2356 1626 2389 extra

137 2485 157 2514 5
180 2475 435 2515 Phisieorum]
452 2485 483 2505 v.
502 2486 531 2512 4.
827 2473 848 2502 6
872 2470 1125 2511 Phisicorum]
1143 2469 1210 2500 viii.
1226 2470 1279 2499 62.

143 2589 156 2608 1
184 2578 263 2608 dato
281 2588 346 2607 0112.
360 2577 395 2607 D
482 2587 502 2615 3
527 2576 606 2606 illud
624 2585 689 2606 om.
708 2575 742 2604 D
831 2584 851 2612 5
876 2572 1080 2612 secundum]
1099 2582 1174 2602 esse
1191 2570 1374 2601 secundum
1390 2569 1424 2599 D
1511 2569 1532 2598 6
1556 2577 1628 2598 cor-

98 2629 311 2669 rupcionem]
330 2629 506 2668 corrupcio
524 2627 617 2659 MD:
643 2636 766 2666 corpus
783 2625 816 2655 F
905 2626 925 2655 8
950 2623 1106 2664 instanti]
1129 2621 1262 2653 instanti
1280 2622 1370 2652 dicto
1388 2621 1457 2651 DF
1550 2629 1571 2658 9
1586 2621 1628 2650 ad

96 2680 214 2721 quem]
232 2691 250 2711 a
267 2690 333 2719 quo
345 2680 386 2711 M
504 2689 543 2709 10
559 2678 729 2718 tempore]
749 2676 894 2707 termino
906 2676 940 2705 D
1028 2676 1101 2714 ejus
1113 2685 1177 2705 om.
1190 2673 1231 2703 M
1356 2674 1394 2703 16
1409 2671 1628 2713 expectetur]

97 2733 254 2771 exigatur
265 2732 333 2762 DF
421 2741 458 2770 17
481 2730 668 2770 deserviat]
682 2728 838 2760 terminet
850 2728 883 2758 D
972 2737 1055 2766 23-1
1076 2727 1124 2766 (p.
1143 2726 1220 2767 254)
1236 2735 1317 2764 ergo
1332 2748 1339 2755 .
1356 2748 1364 2755 .
1378 2748 1385 2755 .
1401 2734 1498 2755 Suum
1514 2735 1581 2755 om.
1596 2723 1631 2754 D

98 2792 139 2821 24
158 2783 361 2824 secundum]
376 2784 526 2814 secundo
540 2782 573 2812 F
642 2791 683 2820 25
699 2792 718 2811 a
730 2780 832 2819 vulgo
843 2803 850 2811 .
866 2803 874 2810 .
894 2804 900 2811 .
915 2778 1078 2810 instancia
1091 2788 1158 2809 om.
1171 2778 1203 2807 F
1271 2787 1311 2815 27
1331 2776 1416 2816 non]
1431 2775 1508 2807 ideo
1525 2785 1592 2806 non
1603 2775 1636 2805 F

1645 1054 1720 1086 73η
1745 1057 1771 1077 2.
