1898 3126
53 848 90 869 10

52 1190 87 1220 15

50 1533 88 1553 20

49 2219 88 2248 30

49 2560 86 2591 35

842 113 921 154 259

111 228 255 268 quem,
292 215 351 255 sic
389 214 591 255 ultimum
623 215 665 255 in
698 229 792 255 esse
825 215 1091 268 incompleto
1124 216 1257 269 ipsius
1290 218 1459 256 termini
1489 230 1513 256 a
1544 231 1645 269 quo,

114 296 219 337 ergo
261 283 372 324 sicut
416 283 628 336 contingit
680 284 876 337 accipere
934 284 1123 338 primum
1171 285 1336 325 instans
1390 298 1643 326 mensurans

112 351 300 404 primum
335 350 709 404 complementum
740 353 914 393 termini
941 353 994 393 ad
1024 366 1168 405 quem,
1192 354 1252 393 sic
1275 352 1475 393 ultimum
1510 353 1643 407 ipsius

112 420 284 460 termini
307 434 332 460 a
353 433 452 472 quo.
519 420 637 472 Ergo
661 421 829 461 dicetur
859 435 937 474 pro
967 420 1113 473 aliquo
1146 422 1322 462 instanti
1350 435 1461 461 nunc
1488 421 1645 462 ultimo

110 496 174 529 est
196 490 406 529 terminus
427 503 451 528 a
474 502 575 541 quo.

170 556 247 597 Set
279 570 368 597 non
412 557 491 597 nisi
528 557 569 597 in
604 557 651 606 C,
688 571 792 611 ergo
828 558 1028 598 ultimum
1064 572 1157 598 esse
1194 558 1367 598 termini
1403 572 1427 597 a
1460 571 1548 610 quo
1580 564 1644 598 est

110 626 151 665 in
177 625 211 666 C
233 626 425 667 instanti.
489 626 739 667 Dicendum
773 628 891 679 quod
918 626 1142 667 cavillacio
1175 627 1255 667 ista
1288 627 1449 679 decipit
1482 626 1643 666 multos

109 694 150 733 in
183 695 264 735 hac
291 700 428 746 parte.
490 694 569 735 Set
598 695 963 735 considerandum
997 702 1062 736 est
1094 696 1213 747 quod
1246 695 1434 748 primum
1468 695 1510 734 in
1549 708 1641 735 esse

109 763 280 802 termini
304 764 359 803 ad
392 776 522 815 quem
554 770 619 804 est
650 763 891 816 dupliciter,
915 763 1091 804 scilicet.
1115 763 1267 804 ultima
1301 777 1400 817 pars
1433 763 1497 803 sui
1526 776 1643 813 esse;

109 830 275 879 ultima,
299 832 411 882 dico,
433 832 474 872 in
498 832 766 873 execucione
791 833 1102 885 generacionis‚
1126 846 1224 873 cum
1257 839 1403 873 tamen
1427 832 1482 871 sit
1506 832 1642 883 prima

109 899 150 938 in
184 899 430 940 intencione
466 906 619 940 nature
660 901 920 952 generantis.
985 900 1130 941 Aliter
1171 901 1329 941 dicitur
1366 900 1554 952 primum
1599 900 1641 938 in

109 981 203 1008 6556
233 969 405 1008 termini
439 969 493 1009 ad
527 983 670 1021 quem,
692 969 870 1018 scilicet,
893 975 1110 1009 mutatum
1146 983 1237 1009 esse
1270 970 1358 1008 sive
1387 975 1640 1021 generatum

108 1050 214 1086 esse,
238 1038 355 1089 quod
380 1044 444 1078 est
468 1037 750 1085 indivisibile,
775 1045 818 1079 et
850 1038 1058 1078 terminus
1091 1038 1403 1091 generacionis.
1455 1036 1531 1077 Set
1555 1043 1640 1077 ter-

110 1105 250 1145 minus
290 1120 316 1145 a
353 1120 440 1158 quo
477 1119 562 1146 non
602 1106 735 1147 habet
770 1112 982 1159 quantum
1025 1107 1079 1146 ad
1119 1119 1245 1146 suum
1288 1120 1381 1146 esse
1409 1105 1513 1146 talia
1550 1106 1640 1145 duo

108 1174 327 1214 distincta.
393 1173 546 1215 Solum
569 1175 683 1215 enim
716 1175 850 1215 habet
879 1175 883 1227 Ι
912 1188 1045 1214 unum
1081 1175 1199 1226 quod
1235 1174 1468 1228 respondet
1500 1174 1639 1227 primo
1663 1190 1724 1220 75-

108 1242 151 1282 in
175 1256 267 1282 esse
289 1257 314 1283 a
336 1249 459 1296 parte
481 1243 654 1284 termini
677 1244 732 1284 ad
756 1257 901 1296 quem,
925 1244 1035 1284 sicut
1059 1244 1172 1283 enim
1197 1244 1407 1283 terminus
1431 1243 1484 1282 acl
1508 1256 1638 1294 quem

108 1310 240 1351 habet
283 1317 450 1365 partem
493 1311 686 1365 aliquam
723 1326 808 1365 que
852 1312 1006 1352 ultimo
1048 1313 1292 1364 adquiritur
1335 1318 1377 1352 et
1415 1312 1555 1365 prima
1598 1312 1637 1351 in

107 1379 432 1433 complemento
465 1388 507 1421 et
539 1368 755 1435 dignitate
789 1387 981 1422 vocatur.
1045 1380 1118 1421 Sic
1156 1394 1249 1420 6556
1280 1380 1452 1421 termini
1485 1394 1509 1420 a
1550 1393 1638 1432 quo

108 1448 242 1489 habet
288 1450 488 1489 ultimam
534 1456 704 1503 partem
742 1450 833 1502 jam
879 1450 995 1490 dicte
1038 1450 1149 1502 parti
1198 1450 1371 1490 termini
1411 1450 1464 1488 ad
1506 1462 1637 1500 quem

110 1519 457 1570 respondentem,
494 1519 666 1568 scilicet,
704 1532 787 1571 quc
830 1518 986 1559 ultimo
1028 1518 1318 1571 corrumpitur
1353 1524 1394 1558 et
1434 1517 1637 1570 perditur,

108 1591 151 1625 et
173 1587 227 1626 de
248 1592 435 1639 utraque
457 1594 580 1640 parte
606 1589 935 1629 concedendum
959 1593 1024 1627 est
1046 1601 1119 1627 eas
1145 1600 1237 1627 esse
1263 1585 1389 1626 simul
1416 1587 1456 1626 in
1480 1587 1631 1626 eadem

109 1655 355 1704 duracione,
377 1670 461 1709 que
490 1664 555 1697 est
579 1657 732 1697 ultima
763 1669 863 1708 pars
895 1656 1105 1710 temporis
1137 1656 1343 1708 aliquota,
1366 1655 1467 1708 quia
1489 1661 1635 1708 partes

109 1736 200 1764 esse
231 1725 422 1776 ipsorum
461 1725 746 1766 terminorum
781 1726 1018 1766 succedunt
1054 1725 1135 1766 sibi
1174 1725 1356 1765 invicem
1393 1724 1634 1764 secundum

108 1799 253 1845 partes
274 1793 484 1846 temporis
500 1795 792 1835 mensurantis
814 1795 1143 1847 corrupcionem
1168 1801 1210 1834 et
1232 1793 1575 1845 generacionem,
1592 1798 1636 1833 et

108 1873 193 1901 non
227 1869 327 1903 sunt
363 1870 490 1904 extra
523 1863 660 1917 ipsam
699 1863 1045 1916 generacionem.
1111 1863 1253 1902 Extra
1284 1862 1394 1907 dico⁷
1428 1861 1487 1901 ita
1517 1861 1634 1913 quod

108 1943 196 1971 non
226 1931 268 1971 in
291 1931 377 1971 fine
399 1931 505 1984 ejus,
529 1931 625 1972 finis
648 1932 761 1972 enim
784 1932 993 1984 temporis
1025 1931 1137 1970 illius
1160 1937 1226 1971 est
1249 1937 1374 1970 extra
1397 1930 1634 1969 cssenciam

107 2000 390 2040 successivam
414 1999 537 2040 illius.
612 2000 744 2041 Unde
771 2000 888 2040 nulla
915 2013 1013 2053 pars
1040 1999 1212 2040 termini
1242 1999 1297 2039 ad
1328 2011 1458 2050 quem
1480 1998 1634 2050 adqui-

109 2068 216 2108 ritur
244 2069 285 2108 in
316 2069 497 2110 instanti
532 2069 579 2120 C,
610 2083 688 2110 nec
720 2069 866 2122 aliqua
897 2083 997 2122 pars
1031 2068 1202 2108 termini
1236 2081 1261 2107 a
1296 2081 1384 2120 quo
1418 2067 1634 2107 amittitur

107 2137 150 2177 in
188 2139 358 2188 eodem,
392 2139 595 2190 quoniam
639 2144 783 2192 partes
819 2138 901 2178 hee
941 2136 1175 2179 divisibiles
1211 2142 1312 2177 sunt
1345 2136 1455 2175 sicut
1490 2141 1634 2188 partes

107 2206 318 2260 temporis
352 2213 394 2246 et
431 2206 529 2247 ideo
563 2213 864 2247 mensurantur
898 2206 1094 2259 partibus
1128 2205 1346 2257 temporis.
1410 2203 1633 2244 Sumendo

107 2274 238 2327 igitur
259 2274 450 2328 primum
474 2276 516 2315 in
538 2288 631 2315 esse
652 2275 824 2315 termini
847 2289 872 2315 a
895 2288 994 2327 quo,
1010 2281 1057 2315 ut
1074 2275 1241 2314 dictum
1265 2280 1341 2321 est,
1366 2272 1634 2312 inveniemus

106 2342 308 2383 ultimum
334 2344 375 2384 in
397 2344 585 2384 termino
606 2344 661 2384 ad
684 2357 814 2397 quem
838 2344 875 2384 ei
899 2342 1243 2396 proporcionale,
1260 2349 1324 2382 set
1349 2355 1426 2382 nec
1444 2341 1548 2381 illud
1567 2347 1634 2381 est

107 2412 149 2451 in
167 2411 346 2453 instanti
364 2413 524 2465 aliquo,
540 2418 605 2452 set
627 2412 668 2452 in
685 2419 808 2464 parte
821 2413 1045 2464 temporis.
1099 2411 1146 2453 Si
1165 2410 1208 2450 A
1226 2411 1352 2451 aliter
1365 2410 1631 2463 accipiamus

107 2480 295 2533 primum
322 2481 365 2521 in
393 2495 485 2522 esse
507 2481 677 2522 termini
701 2481 755 2522 ad
778 2494 922 2534 quem,
945 2479 1120 2527 scilicet,
1144 2493 1221 2533 pro
1247 2486 1502 2533 generatum
1525 2491 1631 2525 esse,

107 2550 226 2602 quod
269 2556 334 2590 est
367 2550 463 2591 finis
504 2550 803 2604 generacionis
844 2563 938 2590 esse
975 2549 1108 2602 ipsius
1142 2548 1326 2595 termini,
1361 2547 1534 2595 scilicet,
1576 2546 1631 2586 ad

154 2688 166 2708 1
194 2677 413 2719 incompleto]
430 2678 597 2717 completo
615 2678 649 2707 D
752 2678 772 2707 6
796 2678 829 2708 in
848 2677 891 2718 C]
910 2678 1039 2708 instans
1055 2677 1090 2707 D
1200 2688 1222 2718 9
1244 2676 1438 2717 dupliciter]
1457 2675 1638 2715 dupliciter

107 2739 175 2759 uno
193 2730 332 2760 materie
349 2729 384 2759 D
575 2739 612 2767 14
637 2728 733 2769 talia]
751 2729 919 2759 elementa
935 2728 970 2758 D
1154 2738 1195 2768 25
1220 2729 1265 2759 ita
1283 2728 1372 2767 quod
1390 2727 1474 2768 non]
1493 2728 1582 2766 quod
1600 2727 1635 2757 D

107 2791 146 2819 31
172 2780 255 2821 quo]
273 2791 371 2820 quem
389 2781 423 2811 D
556 2790 596 2820 32
621 2780 736 2822 quem]
754 2791 820 2821 quo
838 2780 872 2810 D
961 2790 1023 2811 nec
1040 2780 1120 2811 illud
1137 2780 1172 2811 it.
1188 2780 1230 2810 M

1761 1192 1767 1211 Ι
