1877 3131
800 102 876 155 183

81 219 175 260 loco
202 217 207 272 Ι
235 218 472 258 secundum
493 216 586 269 ejus
609 229 702 256 esse
724 216 1005 268 potissimum
1028 222 1070 256 et
1088 217 1329 257 secundum
1353 216 1541 268 primam
1565 223 1607 256 ct
1631 236 1669 267 52
1689 238 1707 258 a
1726 235 1752 258 1.

80 286 361 342 principalem
397 285 766 339 significacionem
808 285 903 326 loci.
980 283 1124 325 Multe
1160 285 1275 325 enim
1319 291 1420 325 sunt
1456 297 1609 338 accep-

79 357 222 398 ciones
258 355 363 408 ejus,
397 363 463 395 set
504 368 620 394 nunc
654 354 754 395 volo
792 355 935 407 primo
973 354 1177 406 prosequi
1210 354 1470 407 precipuam
1513 354 1606 407 ejus

81 424 459 478 significacionem.
536 423 660 472 Dico,
683 436 799 475 ergo,
822 423 941 476 quod
970 423 1004 463 si
1028 422 1232 462 ultimum
1255 421 1441 463 locantis
1464 422 1610 462 consi-

0 530 1 535 ,
46 495 254 544 5deretur
283 493 325 532 in
359 506 416 540 se,
440 499 487 532 ut
525 492 732 532 terminat
770 505 929 544 corpus
966 491 1125 540 locans,
1159 490 1219 531 sic
1254 496 1320 531 est
1348 490 1611 543 superficies,

83 568 126 604 et
144 562 390 602 nominatur
410 575 510 601 vere
533 567 575 601 et
594 562 778 614 proprie.
844 560 890 602 Si
920 573 1022 600 vero
1047 561 1346 601 consideretur
1377 559 1483 600 illud
1515 560 1611 600 ulti-

84 645 213 681 mum,
245 637 293 670 ut
325 637 476 670 natum
510 637 573 670 est
606 631 838 680 continere,
871 630 933 670 sic
966 635 1031 669 est
1063 642 1328 686 concavum:
1363 629 1398 669 si
1433 642 1533 669 vero
1565 636 1613 669 ut

83 706 180 741 actu
213 700 419 746 continet,
452 701 510 740 sic
543 700 689 752 incipit
724 699 814 740 fieri
847 699 982 746 locus,
1014 705 1079 740 set
1111 699 1358 752 completur
1395 711 1471 750 per
1512 699 1613 745 duo,

83 768 257 818 scilicet,
281 782 358 822 per
380 775 626 820 respectum
650 770 704 809 ad
728 769 922 821 spacium
941 769 1029 808 sive
1051 768 1318 821 profundum
1343 768 1455 807 inter
1477 766 1614 807 latera

0 830 67 878 1¹10
82 838 352 885 continentis,
382 843 424 877 ct
447 851 523 889 per
546 843 790 890 respectum
813 839 867 877 ad
891 837 1099 877 terminos
1131 838 1291 878 mundi.
1355 836 1489 890 Quod
1512 848 1615 875 vero

83 907 243 947 habeat
270 914 513 958 respectum
547 906 790 946 necessario
822 906 877 946 ad
906 906 1100 959 spacium
1133 912 1177 947 et
1209 906 1472 959 profundum
1504 904 1617 945 inter

84 976 222 1016 latera
258 975 533 1022 continentis,
570 981 692 1027 patet
724 988 800 1027 per
836 975 930 1021 hoc,
965 976 1084 1027 quod
1126 974 1391 1016 Aristoteles
1429 974 1534 1015 dicit
1572 974 1613 1012 in

85 1043 439 1088 Medicamentis,
477 1045 594 1096 quod
632 1050 776 1097 partes
808 1044 890 1084 loci
924 1044 1184 1096 copulantur
1214 1045 1270 1084 ad
1303 1043 1491 1084 eundem
1530 1050 1615 1083 ter-

86 1113 251 1154 minum
274 1114 328 1153 ad
361 1126 491 1164 quem
525 1113 784 1166 copulantur
814 1120 960 1166 partes
992 1113 1184 1166 corporis
1215 1113 1359 1162 locati,
1383 1118 1449 1153 set
1471 1118 1618 1164 partes

0 1191 68 1230 3‘15
87 1196 162 1223 sue
178 1181 486 1235 profunditatis
496 1181 816 1233 copulanturad
835 1181 1217 1235 superficiem,que
1235 1189 1300 1222 est
1315 1181 1618 1235 ymaginanda

88 1251 198 1292 inter
230 1256 375 1303 partes
417 1250 538 1301 ejus;
579 1264 691 1303 ergo,
728 1258 872 1303 partes
908 1251 1002 1303 ejus
1043 1251 1303 1304 copulantur
1339 1252 1394 1291 ad
1433 1250 1618 1290 eandem

88 1319 372 1374 superficiem.
434 1321 553 1372 Ergo
575 1320 694 1360 locus
718 1321 959 1360 necessario
981 1320 1116 1360 habet
1138 1320 1403 1372 profundum
1427 1318 1621 1371 corporis

89 1389 293 1439 contenti,
316 1389 383 1428 vel
407 1389 579 1441 respicit
601 1389 656 1429 de
683 1390 944 1429 necessitate
966 1388 1232 1441 profundum
1254 1388 1379 1437 illius,
1403 1402 1477 1428 seu
1503 1388 1622 1440 quod

91 1458 222 1498 habet
244 1464 488 1509 respectum
510 1457 802 1498 essencialiter
821 1463 864 1497 et
882 1458 1124 1498 necessario
1141 1458 1196 1497 ad
1218 1457 1323 1497 illud
1344 1456 1622 1509 profundum.

20 1538 73 1589 ..ρο
95 1523 186 1564 Νθθ
211 1524 392 1576 contigit
412 1524 563 1573 dicere,
580 1525 698 1576 quod
722 1524 778 1563 ibi
798 1524 853 1563 sit
871 1523 1137 1576 profundum
1156 1524 1292 1577 spacii
1316 1523 1453 1571 vacui,
1472 1523 1512 1562 in
1535 1535 1624 1574 quo

20 1592 23 1597 '
88 1593 231 1646 jaceat
252 1606 419 1644 corpus,
443 1594 561 1644 quod
586 1593 779 1644 spacium
806 1592 909 1632 facit
932 1592 1194 1633 distanciam
1228 1593 1341 1633 inter
1363 1592 1498 1633 latera
1521 1604 1624 1630 con-

92 1661 277 1708 tinentis,
308 1669 354 1700 ut
387 1661 508 1701 locus
544 1662 743 1713 respiciat
780 1661 1045 1714 profundum
1078 1663 1201 1702 vacui
1229 1674 1316 1702 non
1347 1661 1494 1714 pleni;
1525 1660 1627 1713 quia

93 1743 276 1771 vacuum
309 1743 393 1769 non
426 1737 572 1782 potest
601 1744 695 1771 esse
728 1732 769 1770 in
806 1744 946 1770 rerum
982 1736 1147 1780 natura,
1180 1737 1227 1771 ut
1259 1729 1521 1770 Aristoteles
1553 1728 1629 1777 ait,

95 1803 139 1848 4⁰
160 1798 444 1839 Pln'sicamm.
510 1799 568 1838 Et
587 1799 756 1848 iterum,
772 1800 980 1840 distancia
999 1799 1080 1839 ista
1098 1812 1183 1838 non
1200 1805 1265 1839 est
1288 1799 1369 1838 nisi
1385 1798 1625 1839 secundum

40 1885 76 1916 25
95 1868 308 1908 racionem
332 1868 616 1908 dimensionis
645 1869 838 1920 corporis
866 1867 1168 1920 interjacentis,
1192 1874 1235 1907 et
1260 1866 1391 1907 nichil
1420 1872 1486 1907 est
1516 1867 1628 1906 inter

96 1935 240 1983 latera,
263 1937 343 1976 nisi
375 1950 533 1988 corpus
564 1937 832 1989 interjacens,
862 1950 997 1988 quare
1026 1937 1118 1990 ejus
1147 1936 1440 1976 dimensiones
1467 1934 1627 1975 facient

95 2004 206 2046 hanc
220 2005 474 2045 distanciam
494 2023 502 2055 3
526 2019 641 2058 crgo,
658 2019 742 2045 non
758 2005 1049 2045 dimensiones
1066 2005 1189 2045 vacui
1208 2018 1304 2044 eam
1321 2004 1601 2045 constituent.
1621 2001 1624 2056 1

98 2073 174 2115 Set
208 2080 361 2126 postea
392 2075 648 2114 ostendetur
679 2075 862 2126 1)le1]iuS‚
893 2075 1012 2126 quod
1046 2073 1106 2114 ibi
1138 2086 1224 2113 non
1258 2078 1323 2113 est
1355 2072 1628 2125 profunditas
1648 2082 1685 2114 52
1705 2083 1724 2102 a
1744 2081 1770 2102 ²·

95 2143 231 2191 vacui,
256 2147 302 2181 ut
325 2143 491 2193 antiqui
519 2150 785 2194 posuerunt3
817 2148 860 2182 et
889 2143 950 2182 ita
979 2155 1064 2183 non
1093 2143 1174 2182 erit
1208 2142 1265 2182 ibi
1297 2142 1377 2181 nisi
1410 2141 1503 2182 sola
1530 2155 1629 2194 pro-

41 2227 80 2257 30
97 2210 288 2251 funditas
311 2211 501 2263 corporis
525 2212 666 2251 locati.
731 2211 1011 2264 Quapropter
1037 2209 1377 2265 conJcedendum
1409 2216 1486 2262 est,
1510 2210 1628 2263 quod
1649 2217 1686 2248 F.
1708 2224 1761 2246 101
1784 2226 1802 2246 a
1822 2223 1848 2244 2.

98 2279 216 2319 locus
250 2292 336 2319 non
360 2280 532 2331 respicit
565 2280 843 2331 profundum,
868 2280 949 2319 nisi
982 2279 1246 2332 profundum
1271 2279 1465 2332 corporis
1498 2279 1630 2318 inter-

94 2347 279 2400 jacentis
299 2365 307 2396 3
341 2356 404 2388 set
424 2356 570 2388 tamen
593 2362 679 2389 non
703 2348 878 2400 respicit
902 2348 1008 2389 illud
1033 2349 1106 2396 ita,
1125 2349 1241 2401 quod
1266 2348 1348 2388 hoc
1366 2347 1629 2400 profundum

100 2416 154 2456 sit
183 2417 237 2456 de
262 2417 452 2457 essencia
479 2417 572 2467 loci,
593 2418 696 2470 quia
725 2417 841 2457 hunc
870 2417 988 2457 locus
1018 2423 1132 2457 esset
1162 2429 1331 2469 coi·pus,
1357 2422 1423 2456 set
1456 2416 1631 2469 respicit

100 2483 204 2524 illud
238 2491 445 2536 tanquam
481 2486 643 2538 aliquid
678 2493 804 2526 extra
836 2499 958 2525 suam
993 2485 1243 2531 essenciam,
1266 2486 1375 2525 sicut
1402 2484 1631 2524 relativum

19 2547 22 2575 1
152 2571 234 2573 -Π

147 2617 184 2646 13
207 2608 519 2649 Predioamentis]
539 2610 581 2639 de
598 2613 732 2648 quanto.
890 2619 930 2647 24
956 2607 1210 2648 Phisieorum]
1231 2607 1272 2639 iv.
1292 2618 1377 2639 com.
1396 2608 1448 2647 80,
1467 2608 1520 2639 86.

146 2731 166 2760 3
189 2722 294 2762 nunc]
314 2733 381 2753 non
398 2722 433 2752 D
562 2733 583 2761 9
608 2722 694 2763 sive]
713 2732 772 2752 seu
792 2721 824 2751 F
949 2731 985 2760 14
1011 2721 1214 2760 copulantur
1231 2731 1296 2752 0111.
1315 2720 1348 2750 D
1462 2730 1511 2760 19,
1533 2730 1574 2750 20
1599 2723 1631 2749 et

106 2773 295 2804 necessario
313 2796 320 2804 .
341 2797 348 2805 .
369 2796 376 2804 .
395 2774 438 2804 sit
455 2774 658 2813 profundum
676 2785 741 2803 om.
762 2773 795 2803 D
939 2783 978 2811 27
1004 2773 1106 2813 hanc]
1125 2773 1186 2803 hec
1204 2771 1239 2802 D
