1898 3126
815 127 896 170 299

91 244 219 284 super
247 231 521 283 questionem
550 230 677 282 hanc,
698 243 751 270 an
775 229 921 269 anima
948 229 1175 269 racionalis
1206 228 1366 269 habeat
1399 228 1616 269 racionem

90 304 134 338 et
155 298 423 339 voluntatem
447 304 657 351 tanquam
682 303 826 350 partes
849 298 1040 338 diversas
1062 298 1299 338 secundum
1322 296 1615 337 substanciam

90 366 155 407 vel
188 367 424 407 secundum
459 367 677 408 racionem
713 373 755 406 et
790 379 949 406 nomen
984 373 1028 407 et
1057 380 1205 419 opera.
1269 365 1327 405 Et
1365 365 1617 405 dominatur

91 435 323 476 intencioni
359 449 453 475 mee
486 435 539 475 ad
578 449 757 487 presens
795 435 912 487 quod
945 447 1031 474 una
1063 440 1129 474 est
1160 434 1420 481 substancia,
1453 433 1618 474 habens

51 521 68 552 ξ
90 503 280 544 diversas
312 504 589 557 operaciones
621 510 663 544 et
692 504 861 544 diversa
889 503 1066 542 nomina
1095 508 1138 543 et
1169 502 1362 542 diversas
1391 515 1615 555 compara-

90 571 247 622 ciones,
279 585 364 624 que
394 572 534 625 primo
566 572 788 624 cognoscit
822 578 863 611 et
898 571 1050 611 eadem
1088 570 1256 623 appetit
1294 570 1481 623 cognita,
1508 570 1618 610 sicut

89 640 349 681 Aristoteles
386 640 477 680 vult
515 641 557 680 in
594 641 678 681 hoc
711 641 873 681 verbo:
917 639 1165 680 intellectus
1203 639 1496 691 speculativus
1540 652 1617 692 per

89 709 389 749 extensionem
412 708 461 750 fit
483 709 712 761 practicus,
736 708 839 761 quia
859 708 977 760 quod
1000 707 1194 760 theologi
1212 714 1370 748 vocant
1394 708 1611 748 racionem

89 785 131 818 et
151 777 425 818 voluntatem
448 777 514 817 vel
537 777 805 817 intellectum
829 776 896 816 vel
926 776 1131 817 affectum
1162 776 1451 830 philosophus
1485 781 1616 817 vocat

33 864 71 887 ιο
91 845 358 887 intellectum
395 846 711 900 speculativum
747 851 789 885 et
825 845 1076 898 practicum.
1141 845 1253 887 Cum
1291 859 1396 898 ergo
1434 845 1539 886 dicit
1573 844 1615 884 in

88 915 224 957 tercio
259 914 326 955 De
360 915 525 955 Anima
562 916 679 968 quod
723 913 968 954 intellectus
1001 914 1294 967 speculativus
1335 914 1530 954 veritatis
1568 911 1614 952 fit

89 984 304 1037 practicus
325 997 401 1036 per
422 985 725 1024 extensionem
752 983 850 1036 ejus
883 983 938 1023 ad
972 996 1168 1024 amorem
1200 983 1399 1023 veritatis
1428 982 1615 1035 cognite,

90 1059 137 1093 ut
159 1066 255 1098 eam
277 1053 382 1093 velit
403 1066 534 1105 opere
555 1052 786 1105 complere,
809 1057 930 1104 patet
952 1065 1029 1104 per
1051 1052 1192 1104 ipsum
1216 1052 1337 1105 quod
1360 1053 1515 1092 eadem
1550 1065 1615 1091 res

90 1127 154 1162 est
176 1135 261 1174 que
283 1122 423 1174 primo
445 1120 702 1174 speculatur,
726 1127 769 1162 et
799 1134 885 1173 que
913 1121 1168 1161 secundario
1198 1121 1334 1162 eciam
1368 1120 1463 1161 vult
1495 1120 1612 1173 quod

31 1207 68 1239 15
88 1190 359 1244 speculatum
389 1196 466 1231 est.
530 1188 735 1230 Ceterum
758 1202 911 1230 omnes
933 1190 1212 1243 operaciones
1233 1195 1518 1242 quotcunque
1546 1188 1615 1229 vel

88 1265 472 1312 quantumcunque
514 1259 682 1299 diverse
724 1258 831 1299 fiunt
881 1258 937 1298 ab
989 1259 1142 1299 eadem
1186 1258 1391 1311 potencia
1443 1265 1616 1312 agente,

88 1328 331 1368 dummodo
361 1327 443 1368 hee
470 1327 748 1380 operaciones
780 1328 864 1366 sint
896 1327 1138 1367 adinvicem
1171 1328 1368 1368 ordinate
1399 1334 1446 1367 ut
1473 1328 1616 1367 lucere

89 1403 131 1436 et
163 1395 408 1446 calefacere,
432 1410 532 1436 nam
566 1396 643 1436 lux
670 1395 773 1436 solis
801 1396 944 1448 primo
974 1402 1152 1449 generat
1186 1395 1326 1436 lucem
1359 1397 1401 1435 in
1434 1396 1614 1436 materia

88 1465 245 1518 aliqua,
267 1471 310 1505 et
332 1465 587 1506 secundario
609 1464 810 1504 calorem.
872 1463 945 1505 Sic
974 1469 1040 1504 est
1069 1464 1149 1514 hic,
1181 1464 1389 1517 quoniam
1412 1464 1613 1517 cognicio

30 1551 68 1573 20
89 1541 133 1575 et
172 1547 295 1574 amor
330 1534 571 1574 adinvicem
615 1532 879 1581 ordinantur,
918 1532 1117 1584 cognicio
1164 1533 1279 1572 enim
1323 1539 1390 1572 est
1434 1539 1613 1585 propter

90 1616 295 1643 amorem.
361 1602 485 1653 Item,
516 1602 557 1641 in
589 1614 749 1641 vanum
782 1601 983 1653 potencia
1014 1601 1160 1641 anime
1191 1608 1473 1655 cognosceret
1504 1602 1613 1641 veri-

89 1678 239 1720 tatem,
272 1671 351 1711 nisi
385 1678 532 1723 posset
563 1684 658 1710 eam
690 1683 846 1717 amare,
880 1670 1083 1722 quoniam
1117 1671 1152 1710 si
1185 1670 1268 1710 alia
1298 1670 1502 1722 potencia
1535 1683 1613 1723 per

90 1740 326 1781 essenciam
359 1741 414 1780 ab
447 1740 520 1779 illa
551 1753 635 1791 que
673 1739 896 1791 cognoscit
931 1745 1108 1786 amaret,
1138 1745 1240 1779 tunc
1273 1752 1370 1779 cum
1410 1739 1611 1791 potencia

89 1809 277 1849 amativa
299 1822 385 1848 non
408 1814 554 1860 potest
577 1807 758 1847 excitari
781 1808 836 1847 ad
860 1821 1053 1847 amorem
1086 1808 1163 1847 nisi
1196 1821 1273 1860 per
1301 1807 1610 1860 cognicionem‚

89 1879 122 1918 si
148 1879 278 1930 igitur
301 1877 374 1917 illa
393 1890 478 1916 non
501 1876 736 1930 cognoscit,
760 1889 983 1928 nunquam
1016 1876 1290 1925 excitabitur,
1317 1877 1420 1928 quia
1447 1876 1612 1916 diverse

89 1946 291 1999 potencie
322 1960 397 1998 per
425 1946 661 1985 essenciam
689 1958 777 1984 non
808 1945 1000 1985 excitant
1032 1958 1077 1985 se
1108 1946 1163 1984 ad
1196 1945 1475 1998 operaciones
1501 1958 1613 1997 suas,

91 2023 137 2056 ut
188 2016 307 2056 visus
360 2022 401 2055 et
453 2015 640 2054 auditus.
705 2014 832 2062 Item,
874 2013 947 2053 illa
998 2013 1199 2065 potencia
1249 2027 1333 2066 que
1383 2020 1501 2053 amat
1546 2021 1611 2055 est

90 2085 317 2126 racionalis
349 2097 434 2124 non
468 2082 742 2132 irracionalis,
774 2089 817 2122 et
850 2082 1136 2137 intelllectiva.
1199 2082 1316 2122 Nam
1351 2083 1610 2124 Aristoteles
1631 2090 1750 2131 87a2.

88 2162 216 2195 vocat
253 2168 349 2194 eam
387 2153 653 2193 intellectum
695 2153 944 2205 practicum,
987 2165 1090 2204 ergo
1132 2151 1264 2192 habet
1306 2153 1608 2204 operacionem

29 2243 70 2272 30
90 2223 273 2264 racionis
295 2229 337 2263 et
360 2222 617 2271 intellectus,
641 2235 744 2274 ergo
766 2221 1012 2274 speculatur
1038 2221 1178 2273 primo
1200 2228 1243 2261 et
1273 2227 1424 2273 postea
1446 2221 1538 2261 vult
1567 2228 1608 2261 et

88 2299 220 2341 amat,
243 2299 284 2332 et
310 2292 407 2332 ideo
429 2293 534 2331 dum
561 2289 807 2343 speculatur
828 2296 1007 2330 vocatur
1035 2290 1339 2342 speculativuS,
1362 2291 1466 2330 dum
1489 2298 1608 2330 amat

87 2368 267 2402 vocatur
289 2361 515 2413 practicus,
539 2360 641 2412 quia
663 2359 812 2411 praxis
833 2365 898 2399 est
923 2359 1133 2411 operacio,
1155 2365 1199 2399 et
1221 2359 1426 2411 probacio
1448 2359 1607 2399 amoris

89 2435 153 2470 cst
176 2429 366 2470 exibicio
389 2429 531 2481 operis
554 2429 792 2468 secundum
823 2426 1094 2479 Gregorium.
1158 2427 1283 2475 Item,
1306 2427 1416 2467 sicut
1438 2441 1463 2466 a
1486 2433 1608 2479 parte

91 2498 334 2538 intellectus
357 2504 423 2537 est
448 2497 585 2536 virtus
608 2496 825 2549 cognitiva
843 2502 886 2536 et
908 2496 1149 2549 appetitiva
1171 2496 1231 2536 sic
1253 2509 1278 2534 a
1300 2503 1421 2548 parte
1444 2508 1607 2543 sensus,

27 2579 68 2610 35
88 2574 152 2607 set
175 2567 328 2607 eadem
351 2567 485 2606 virtus
509 2566 654 2605 anime
676 2565 878 2604 sensitive
895 2565 1036 2618 primo
1054 2565 1341 2617 apprehendit
1357 2570 1400 2604 et
1417 2565 1606 2604 secundo

89 2636 306 2676 desiderat
343 2635 577 2675 secundum
614 2633 903 2674 Aristotelem
936 2638 980 2687 30
1008 2633 1075 2673 De
1102 2633 1278 2681 Anima,
1305 2645 1384 2672 nec
1415 2620 1604 2684 unquam

133 2747 149 2775 7
174 2736 415 2776 Aristoteles]
431 2736 482 2766 De
497 2736 629 2766 Anima
646 2735 692 2767 iii.
709 2736 761 2773 46.
873 2745 915 2774 33
941 2734 1177 2775 Gregorium]
1196 2734 1301 2767 Hom.
1321 2734 1352 2764 in
1371 2734 1500 2774 Evang.
1519 2735 1552 2765 ii.
1565 2744 1607 2773 3ο

90 2789 246 2819 Probatio
264 2798 344 2827 ergo
362 2788 562 2827 dilectionis,
582 2787 742 2817 exhibitio
759 2792 810 2817 est
828 2787 951 2825 operis.

806 2851 886 2882 X2
