1898 3126
103 2014 225 2053 56³1.

980 102 1063 143 262

255 232 368 259 nunc
393 219 533 271 primo
562 225 626 258 est
652 231 731 269 pro
762 217 795 257 C
824 216 1018 265 instanti,
1048 221 1091 255 et
1121 216 1238 268 prius
1265 227 1350 255 non
1375 213 1454 255 fuit
1483 228 1562 267 pro
1584 221 1784 268 ternpore

256 287 514 340 precedente
550 286 618 326 vel
657 285 804 338 aliqua
845 291 968 337 parte
1013 284 1226 336 temporis
1272 296 1358 324 non
1397 296 1475 335 pro
1518 283 1710 333 instanti,
1751 283 1785 323 si

257 358 486 409 loquamur
507 356 562 395 de
585 354 839 407 incepcione
860 367 945 406 que
964 358 1029 392 est
1053 352 1339 393 instantanea.
1403 351 1482 393 Set
1499 351 1533 392 si
1553 351 1786 405 loquamur

255 427 310 467 de
343 426 592 479 incepcione
626 423 857 476 temporali
895 429 936 462 et
971 421 1224 472 successiva,
1261 430 1365 462 tunc
1400 434 1466 462 res
1504 421 1656 475 incipit
1693 435 1787 463 esse

255 496 431 548 quando
461 495 601 546 prima
629 490 890 545 pars'ipsius
912 505 1006 531 esse
1035 491 1280 544 adquiritur
1307 491 1350 531 in
1372 490 1584 544 principio
1606 503 1785 544 genera-

253 565 402 615 cionis,
425 571 468 604 et
491 570 594 604 tunc
616 561 758 603 adhuc
781 560 1021 614 exponitur
1044 572 1120 612 per
1151 559 1419 612 posicionem
1441 560 1496 600 de
1526 559 1718 612 presenti
1741 567 1786 600 et

254 633 545 686 privacionem
568 631 622 670 de
651 630 871 683 preteritO,
894 637 939 669 ut
967 641 1079 668 nunc
1107 629 1250 681 primo
1279 634 1345 669 est
1374 634 1417 668 et
1438 628 1555 682 prius
1581 641 1669 669 non
1692 627 1784 669 fuit.

256 701 333 743 Set
357 701 459 754 quia
481 701 523 740 in
552 698 915 739 denominacione
945 696 1119 738 mobilis
1147 710 1234 737 non
1268 697 1493 750 prevalent
1520 703 1666 750 partes
1692 710 1786 738 esse

253 770 422 811 termini
456 770 510 809 ad
545 781 675 820 quem
708 774 811 808 ante
842 766 1044 806 ultimum
1077 766 1245 806 exitum
1278 766 1320 805 in
1351 779 1458 816 esse,
1479 766 1579 806 ideo
1611 766 1786 819 proprie

254 839 439 879 sumitur
462 837 655 891 incepcio
678 835 808 890 priori
832 836 966 876 modo
1000 841 1043 876 et
1066 848 1153 875 non
1175 835 1271 875 isto.
1335 835 1513 875 Desicio
1534 847 1637 875 vero
1660 835 1781 876 simi-

255 909 361 956 liter,
399 906 699 960 propriissime
735 906 937 957 sumptas
965 910 1030 944 est
1065 904 1339 944 instantanea
1371 909 1413 944 et
1451 909 1517 944 est
1557 904 1784 957 corrupcio

254 977 395 1016 finalis
427 977 469 1015 in
500 973 534 1015 C
567 974 758 1023 instanti,
787 981 830 1014 et
859 973 958 1014 ideo
990 974 1032 1013 in
1063 972 1448 1026 permanentibus;
1481 986 1580 1013 cum
1611 973 1782 1021 dicitur,

254 1046 415 1086 desinit
446 1058 552 1095 esse,
583 1044 819 1097 exponitur
851 1056 928 1096 per
957 1042 1251 1096 privacionem
1284 1043 1339 1083 de
1369 1042 1560 1095 presenti
1593 1048 1637 1083 et
1669 1042 1783 1095 posi-

253 1116 422 1156 cionem
446 1115 500 1155 de
530 1113 750 1166 preterito,
776 1118 822 1152 ut
845 1125 959 1152 nunc
988 1125 1074 1152 non
1099 1118 1164 1152 est
1192 1118 1257 1151 set
1280 1111 1399 1165 prius
1421 1110 1515 1151 fuit.
1594 1110 1654 1152 Et
1677 1110 1782 1151 illud

251 1197 362 1225 nunc
398 1190 462 1223 est
505 1184 670 1223 instans
722 1181 818 1221 finis
854 1181 1080 1235 temporis,
1113 1187 1156 1221 et
1198 1180 1305 1220 illud
1348 1180 1465 1233 prius
1502 1185 1568 1219 est
1609 1185 1784 1233 tempus

254 1265 508 1293 mensurans
545 1250 873 1304 corrupcionem
915 1249 1203 1290 successivam
1235 1248 1302 1289 vel
1347 1248 1494 1301 aliqua
1542 1262 1644 1302 pars
1680 1249 1783 1302 ejus,

252 1329 295 1364 et
318 1328 383 1363 est
406 1322 559 1362 eadem
584 1334 683 1373 pars
707 1332 790 1372 que
817 1319 1111 1371 accipiebatur
1133 1318 1174 1358 in
1202 1318 1462 1372 incepcione,
1484 1318 1596 1358 sicut
1617 1317 1782 1358 instans

253 1392 368 1432 idem
406 1397 471 1431 est
507 1389 751 1441 utrobique,
793 1388 894 1440 quia
937 1387 1132 1440 incepcio
1166 1393 1232 1427 est
1269 1387 1441 1427 termini
1480 1387 1533 1427 ad
1573 1400 1703 1439 quem
1739 1394 1782 1428 et

251 1460 413 1501 desicio
435 1459 607 1499 termini
631 1472 654 1497 a
678 1471 778 1509 quo.

310 1528 356 1569 Si
379 1541 482 1567 vero
504 1527 734 1579 loquamur
756 1526 810 1565 de
832 1526 1049 1565 desicione
1078 1537 1162 1577 que
1185 1531 1251 1565 est
1279 1524 1535 1575 successiva,
1557 1530 1661 1564 tunc
1688 1523 1780 1577 ejus
1803 1540 1816 1560 2

253 1596 514 1650 principium
537 1602 600 1635 est
624 1595 800 1646 quando
823 1594 962 1646 prima
989 1606 1087 1646 pars
1118 1606 1211 1633 esse
1233 1592 1406 1633 termini
1430 1605 1455 1632 a
1475 1605 1564 1645 quo
1588 1605 1779 1633 corrum-

253 1665 379 1718 pitur,
412 1670 455 1704 et
489 1671 591 1705 tunc
626 1676 710 1703 non
738 1662 974 1715 exponitur
1012 1675 1087 1713 per
1121 1674 1216 1701 esse
1249 1668 1462 1713 quantum
1497 1666 1561 1701 est
1591 1662 1646 1701 (16
1679 1674 1778 1713 pro-

251 1733 435 1786 prietate
457 1733 701 1781 desicionis‚
717 1731 815 1772 licet
838 1730 1048 1770 terminus
1065 1730 1120 1770 ad
1143 1743 1272 1782 quem
1296 1730 1362 1779 sit,
1380 1742 1458 1770 nec
1481 1743 1557 1782 per
1579 1743 1665 1770 non
1685 1743 1778 1771 esse

248 1801 462 1850 absolute,
486 1801 585 1852 quia
612 1813 785 1852 semper
816 1800 856 1838 in
886 1799 1244 1839 denominacione
1273 1798 1446 1838 mobilis
1469 1798 1662 1850 prevalet
1684 1813 1779 1840 esse

247 1869 419 1910 termini
440 1883 465 1910 a
487 1883 587 1922 quo=
603 1874 870 1922 quapropter
888 1881 974 1908 non
993 1874 1058 1908 est
1074 1867 1280 1920 regularis
1297 1866 1521 1919 exposicio
1538 1868 1776 1908 secundum
1821 1887 1837 1916 ,ς

249 1938 453 1992 predicta.
520 1938 597 1979 Set
639 1937 769 1977 debet
804 1937 887 1977 dici
922 1936 1079 1977 desinit
1117 1949 1224 1986 esse,
1253 1948 1366 1975 nunc
1408 1935 1552 1989 primo
1585 1935 1777 1976 declinat

248 2008 302 2047 ad
333 2006 336 2060 Ι
365 2020 450 2047 non
474 2020 580 2055 esse,
603 2006 672 2046 vel
694 2019 806 2045 nunc
830 2006 968 2058 primo
990 2005 1152 2045 amittit
1174 2004 1338 2057 aliquid
1366 2004 1421 2044 de
1443 2017 1549 2052 esse,
1571 2003 1638 2043 vel
1662 2017 1776 2045 nunc

249 2075 388 2127 primo
411 2075 564 2128 recipit
587 2076 641 2115 de
672 2087 759 2114 non
791 2088 883 2114 esse
914 2073 1093 2125 aliquid,
1115 2079 1158 2113 et
1187 2073 1306 2125 prius
1329 2085 1415 2112 non
1438 2072 1682 2122 declinavit,
1709 2072 1777 2113 vel

246 2144 362 2196 prius
400 2157 485 2185 non
520 2144 677 2192 amisit,
712 2143 779 2183 vel
811 2143 1052 2196 priusnon
1087 2142 1260 2195 recepit.
1325 2140 1544 2194 Quoniam
1576 2154 1692 2188 vero,
1729 2148 1776 2181 ut

1809 849 1846 870 10

1807 1191 1843 1221 15

246 2213 411 2253 dictum
449 2218 515 2252 est
549 2212 742 2265 prevalet
776 2225 946 2265 semper
984 2211 1027 2251 in
1071 2210 1220 2252 mobili
1253 2210 1557 2250 denominacio
1593 2210 1649 2249 ab
1681 2222 1776 2250 esse
1796 2227 1837 2258 30

246 2281 419 2321 termini
442 2294 466 2320 a
488 2294 575 2332 quo
599 2293 734 2333 usque
761 2281 816 2320 ad
838 2285 1090 2332 corruptum
1113 2292 1219 2327 esse,
1241 2279 1344 2331 quia
1369 2278 1567 2330 possedit
1589 2277 1697 2318 illud
1731 2278 1774 2317 in

245 2349 391 2401 quiete
413 2355 455 2389 et
476 2348 695 2402 complete
722 2355 764 2389 et
789 2354 982 2389 moratur
1010 2348 1051 2388 in
1075 2347 1168 2400 ejus
1195 2346 1412 2388 radicibus
1443 2359 1614 2399 semper
1637 2359 1773 2399 usque

245 2418 300 2458 ad
334 2417 535 2458 ultimum
570 2418 751 2464 exitum,
783 2430 868 2457 non
897 2417 1055 2457 dicitur
1088 2415 1260 2469 proprie
1296 2414 1459 2455 desicio
1494 2415 1574 2454 nisi
1613 2414 1655 2454 in
1690 2413 1774 2453 fine

245 2487 454 2539 temporis
484 2487 525 2525 in
550 2500 636 2539 quo
670 2486 857 2525 finaliter
889 2485 1181 2538 corrumpitur
1207 2483 1418 2524 terminus
1449 2496 1475 2522 a
1506 2495 1595 2534 quo
1629 2489 1672 2523 et
1705 2483 1773 2521 in—

294 2611 331 2638 16
354 2608 387 2638 F
406 2609 523 2648 begins
539 2609 645 2647 again.

287 2734 305 2752 2
331 2724 550 2763 precedente]
571 2724 719 2762 presenti
738 2723 771 2753 D
906 2732 945 2761 :25
970 2722 1157 2752 secundum
1176 2732 1241 2752 om.
1259 2720 1291 2750 F
1437 2730 1478 2759 34
1497 2731 1515 2751 a
1532 2731 1599 2760 quo
1618 2745 1624 2751 .
1643 2744 1650 2751 .
1672 2745 1678 2752 .
1700 2725 1768 2751 ter-

244 2775 353 2805 minus
369 2785 434 2805 om.
455 2774 488 2804 F
