1898 3126
34 547 68 580 F.
90 555 147 578 102
166 547 187 577 b
206 555 232 577 2.

111 957 234 998 56b1.

985 78 1063 131 198

252 195 565 247 proprietatem
599 194 641 234 in
674 193 771 234 loco
803 201 846 234 et
879 193 1248 247 improprietatem,
1271 194 1513 234 secundum
1539 191 1658 245 quod
1685 204 1788 231 con-

252 263 466 304 sideratur
506 276 639 315 penes
682 269 881 304 naturam
923 263 1190 315 quantitatis
1226 276 1361 316 quam
1402 275 1490 302 non
1529 261 1665 302 habet
1707 260 1786 300 nisi

253 343 278 369 a
309 329 536 383 superficie
572 336 616 371 et
648 330 851 383 precipue
883 330 917 369 si
951 343 1108 383 corpus
1145 329 1324 382 aliquod
1370 327 1563 382 simplex
1604 327 1789 368 haberet

253 398 438 452 figuram
466 398 656 452 plurium
698 398 1036 451 superficierum,
1058 404 1106 439 ut
1135 404 1249 439 terra
1276 397 1343 438 vel
1376 410 1491 450 aqua
1517 396 1585 437 vel
1608 396 1787 449 aliquod

254 469 309 509 de
343 468 583 517 elementis,
621 474 664 509 et
700 468 784 509 hoc
818 467 1071 508 naturaliter
1108 474 1235 517 esset,
1268 473 1370 508 tunc
1407 466 1477 508 hic
1512 466 1669 507 modus
1704 465 1788 505 loci
1813 485 1830 516 5
1885 486 1887 491 ·

254 544 380 589 esset,
403 537 692 591 proculdubio
714 537 912 591 proprior
939 542 1127 589 excepto
1149 536 1304 589 primo,
1327 542 1370 577 et
1392 536 1474 577 hoc
1497 548 1584 576 non
1613 532 1617 589 1
1646 534 1788 575 solum

252 612 466 658 quantum
499 606 553 646 ad
590 606 810 646 racionem
843 605 1115 657 quantitatis,
1146 604 1388 645 secundum
1425 616 1558 657 quam
1591 603 1787 644 conside-

252 680 373 714 ratur
395 674 528 722 locus,
552 680 619 714 set
648 674 891 714 secundum
922 672 1278 714 immobilitatem
1308 673 1414 726 ejus,
1438 679 1480 714 et
1510 673 1613 726 quia
1642 672 1786 712 nullus

254 743 374 783 locus
415 742 604 796 simplex
647 750 711 784 est
754 742 1023 795 hujusmodi,
1061 755 1139 782 nec
1180 755 1339 796 corpus
1380 741 1573 795 simplex
1616 741 1659 781 in
1705 741 1789 781 hoc

255 811 386 851 modo
409 811 669 859 locandum3
700 811 802 852 licet
828 817 1040 867 quantum
1063 811 1119 851 ad
1151 811 1459 863 quantitatem,
1480 823 1566 864 que
1597 809 1790 864 exigitur
1814 824 1849 847 ιο

254 880 297 919 in
323 879 432 929 loco,
462 886 527 920 est
556 880 624 921 hic
654 881 811 921 modus
844 880 1044 933 proprius
1077 879 1214 933 magis
1245 893 1375 933 quam
1409 879 1493 929 alii,
1521 885 1670 920 tamen
1703 891 1790 920 non

256 950 495 989 secundum
528 949 884 990 immobilitatem
907 965 915 998 3
952 955 996 990 et
1021 948 1024 1003 1
1051 949 1153 989 licet
1182 948 1350 1002 logicus
1372 955 1415 989 et
1442 948 1787 1002 methaphisicus

255 1017 531 1058 considerent
553 1018 696 1058 locum
723 1031 856 1071 penes
886 1018 1178 1071 quantitatem
1208 1016 1464 1071 superficiei,
1485 1023 1635 1057 tamen
1663 1022 1789 1057 natu-

255 1086 353 1126 ralis
386 1086 674 1140 philosophus
706 1087 953 1127 considerat
990 1086 1345 1127 immobilitatem
1371 1092 1545 1127 tantum
1576 1091 1790 1139 quantum

256 1156 396 1208 ipsam
434 1162 634 1196 naturam
673 1157 930 1209 quantitatis
965 1156 1008 1195 in
1041 1156 1150 1206 loco,
1186 1163 1230 1197 et
1268 1156 1364 1209 plus
1405 1156 1508 1209 quia
1548 1155 1790 1196 considerat
1812 1168 1847 1200 15
1885 1146 1888 1160 ’

256 1223 609 1265 immobilitatem
634 1230 845 1278 tanquam
869 1225 1165 1266 differenciam
1184 1224 1494 1278 completivam
1517 1224 1791 1266 diffinicionis

255 1293 335 1333 loci
359 1306 367 1342 ;
401 1299 444 1333 et
467 1293 578 1343 ideo,
600 1307 700 1334 cum
724 1295 766 1333 in
793 1294 979 1334 eandem
1002 1293 1359 1335 immobilitatem
1387 1295 1496 1335 situs
1519 1294 1682 1335 cadunt
1705 1293 1791 1334 due

256 1361 504 1415 superficies
531 1362 600 1402 vel
629 1362 783 1415 plures,
812 1363 854 1403 in
883 1362 1039 1403 eodem
1066 1368 1263 1416 tempore
1291 1363 1361 1402 vel
1394 1362 1584 1410 diversis,
1616 1366 1790 1415 reputat

256 1430 362 1470 satis
399 1431 611 1471 unitatem
656 1431 750 1472 loci.
786 1439 827 1472 et
874 1432 985 1479 ideo,
1022 1432 1261 1472 secundum
1300 1445 1411 1481 eum,
1447 1432 1576 1472 turris
1617 1431 1791 1484 proprie

256 1499 390 1538 habet
436 1499 592 1549 locum,
631 1500 838 1553 quicquid
881 1502 934 1540 sit
972 1501 1027 1541 de
1062 1501 1183 1553 virga
1226 1501 1268 1540 in
1310 1500 1507 1553 pluribus
1549 1499 1788 1541 elementis.
1813 1516 1849 1538 20
1884 1483 1898 1552 ,²¹

261 1568 319 1608 Et
350 1567 384 1607 si
417 1568 539 1620 virga
575 1568 708 1609 habet
748 1570 1045 1623 improprium,
1079 1583 1166 1609 non
1194 1575 1343 1610 tamen
1376 1576 1443 1610 est
1475 1569 1535 1609 ita
1569 1568 1791 1621 inproprie

256 1638 497 1677 secundum
520 1637 632 1678 hanc
660 1638 788 1686 viam,
811 1638 921 1678 sicut
950 1639 984 1679 si
1017 1638 1255 1678 secundum
1284 1637 1504 1678 racionem
1531 1638 1789 1690 quantitatis

257 1705 631 1746 consideraremus
669 1720 785 1757 eum,
819 1714 865 1748 ut
906 1708 1026 1759 prius
1062 1707 1387 1747 consideratum
1424 1712 1502 1747 est.
1566 1705 1789 1759 Quoniam
1882 1701 1885 1744 Ι

255 1779 404 1814 autem
451 1774 684 1827 inpeditus,
726 1789 813 1815 non
867 1776 999 1816 habui
1044 1783 1217 1828 tempus
1264 1775 1487 1827 cogitandi
1535 1775 1606 1815 hic
1656 1776 1790 1816 verba
1882 1822 1883 1830 1

255 1843 421 1894 precisa
450 1842 664 1883 brevitate
694 1851 735 1884 et
767 1845 1076 1897 compendiosa
1104 1851 1152 1885 ut
1173 1844 1341 1894 vellem,
1367 1844 1466 1884 ideo
1496 1844 1790 1896 multiplicans
1810 1858 1846 1891 25

254 1911 369 1962 prius
418 1912 564 1962 verba,
605 1913 704 1952 dico
757 1926 869 1953 nunc
921 1913 1105 1964 brevius,
1150 1914 1267 1966 quod
1322 1913 1378 1953 ad
1429 1913 1657 1954 veritatem
1707 1913 1789 1955 loci

254 1980 447 2033 exigitur
481 1980 682 2034 precipue
719 1981 969 2034 superficies
999 1989 1042 2022 et
1074 1982 1329 2023 secundario
1362 1989 1582 2035 respectus
1614 1983 1670 2023 ad
1703 1988 1787 2023 ter-
1880 1973 1883 1992 ²

256 2048 397 2088 minos
429 2049 594 2098 mundi,
628 2062 727 2089 nam
762 2051 804 2089 in
837 2050 1065 2103 potissima
1100 2051 1357 2104 accepcione
1390 2051 1484 2100 loci,
1523 2057 1566 2092 et
1603 2051 1685 2091 hoc
1722 2058 1788 2091 est
1880 2027 1898 2112 11

255 2115 297 2155 in
329 2116 517 2156 naturali
549 2117 645 2158 loco
682 2118 1007 2169 elementorum,
1042 2117 1288 2172 superficies
1326 2119 1553 2160 continens
1599 2119 1786 2172 requirit,
1879 2109 1898 2172 11

254 2198 311 2224 ex
333 2199 410 2225 sua
432 2186 698 2239 proprietate
722 2193 764 2227 et
787 2194 1019 2240 potestate,
1036 2189 1223 2229 eundem
1248 2195 1495 2240 respectum
1514 2194 1785 2241 perpetuum,
1807 2202 1845 2232 30
1876 2161 1898 2252 11

254 2260 298 2293 et
321 2259 540 2307 respectus
564 2255 679 2295 idem
704 2269 926 2308 nunquam
952 2257 1128 2310 requirit
1150 2270 1206 2297 ex
1229 2270 1275 2297 se
1296 2256 1569 2309 superficiem
1588 2258 1786 2307 eandem,
1878 2253 1898 2298 ⁴.

253 2327 297 2362 et
334 2322 432 2363 ideo
470 2323 698 2375 potissima
736 2325 817 2366 loci
856 2326 1059 2379 accepcio
1092 2332 1158 2366 est
1195 2339 1252 2366 ex
1294 2331 1418 2378 parte
1459 2324 1699 2378 superficiei
1744 2332 1787 2366 et
1878 2263 1898 2404 1Ι

254 2392 532 2443 proprietate,
554 2399 775 2446 respectus
803 2394 1020 2436 invenitur
1045 2394 1272 2447 potissime
1295 2394 1336 2434 in
1358 2392 1467 2444 loco,
1489 2395 1629 2447 primo
1653 2396 1786 2436 modo
1896 2387 1898 2390 Α

253 2460 385 2509 dicto,
409 2466 452 2500 et
477 2467 581 2502 tunc
611 2461 800 2511 ulterius,
831 2469 1044 2513 quantum
1077 2469 1142 2503 est
1172 2463 1226 2502 de
1256 2469 1409 2503 natura
1433 2462 1516 2503 loci
1544 2464 1783 2504 secundum

1878 2406 1879 2441 1

1866 2444 1879 2493 ⁴5

1877 2502 1880 2518 Ι
1895 2517 1898 2524 4

300 2602 338 2631 13
362 2594 484 2634 penes]
503 2604 647 2633 presens
665 2595 699 2625 D
788 2595 920 2636 tamen]
938 2600 992 2627 set
1008 2601 1119 2627 tamen
1138 2597 1170 2627 F
1281 2607 1319 2636 15
1344 2598 1551 2639 considerat]
1570 2600 1785 2630 considerant
1875 2552 1880 2728 1

252 2642 287 2672 D
393 2646 432 2674 16
456 2646 709 2687 completivam]
725 2647 926 2686 completam
944 2646 979 2677 D
1100 2658 1137 2679 21
1163 2648 1354 2689 inproprie]
1370 2649 1509 2689 proprie
1526 2650 1559 2680 F
1668 2661 1710 2691 25
1735 2652 1785 2693 et]
1871 2646 1872 2679 1

253 2694 285 2723 in
303 2693 337 2723 F
463 2697 556 2737 ideo]
575 2708 643 2729 non
661 2698 695 2728 D
871 2708 911 2737 27
937 2700 1116 2741 precipue]
1133 2701 1267 2740 precise
1283 2699 1348 2730 FD
1528 2712 1570 2740 32
1594 2703 1784 2744 potissima]

254 2746 490 2783 potentissima
507 2748 540 2777 F
668 2759 708 2788 33
735 2749 927 2790 potissime]
945 2752 1180 2789 potentissime
1197 2751 1230 2782 F
1358 2762 1399 2790 34
1424 2752 1518 2793 tunc]
1537 2763 1623 2785 nunc
1641 2754 1674 2783 F
