1877 3131
797 151 870 191 151

75 268 176 295 vero
198 253 500 306 intelligencie,
523 259 566 293 et
587 252 782 293 omnium
806 251 1174 305 permanendum,
1197 255 1467 291 mensuratur
1488 256 1599 290 eter-

76 323 212 363 nitate
247 328 403 372 creata,
433 334 518 373 que
551 320 638 361 alio
668 319 842 360 nomine
872 325 1052 359 vocatur
1083 332 1226 367 evum,
1257 319 1375 371 apud
1408 317 1599 370 philoso-

75 390 261 444 phantes
278 389 437 429 latinos
455 389 577 429 istius
598 387 808 441 temporis
824 403 833 436 ;
867 387 967 427 licet
985 400 1112 427 evum
1130 385 1223 426 aliis
1242 385 1386 427 modis
1402 392 1599 426 sumatur

75 458 192 511 apud
214 457 430 510 antiquos,
450 463 493 497 et
515 456 595 496 hec
617 456 776 496 dicitur
802 454 1135 496 interminabilis
1156 454 1245 494 vite
1265 454 1480 506 possessio
1503 460 1598 494 tota

39 536 55 566 5
76 524 216 566 simul.
279 523 630 572 Interminabilis,
663 524 772 575 dico,
803 536 828 563 a
859 529 983 575 parte
1016 528 1126 575 post,
1158 535 1244 562 non
1275 536 1300 562 a
1331 527 1455 575 parte
1486 527 1600 570 ante,

77 594 177 646 quia
208 594 435 633 exiverunt
467 592 510 632 in
541 604 634 632 esse
666 605 741 644 per
771 590 1053 641 creacionem‚
1074 603 1158 643 que
1190 590 1358 630 creacio
1388 589 1505 629 facta
1536 595 1600 629 est

77 661 119 701 in
141 674 234 710 evo,
256 674 354 702 cum
377 674 464 713 qua
489 673 615 700 evum
646 660 847 711 nascitur,
869 659 978 699 sicut
1012 671 1213 699 mensura
1236 658 1277 698 in
1303 671 1390 711 qua
1411 664 1502 704 est;
1536 664 1600 698 set

78 742 278 769 mensura
310 730 368 769 rei
400 728 639 769 successive
671 734 735 768 est
768 734 953 779 tempus,
987 733 1030 767 et
1059 725 1189 766 nichil
1216 733 1280 767 est
1311 726 1598 766 successivum

76 797 157 838 nisi
188 804 332 838 motus
364 803 408 837 et
445 810 538 836 esse
574 795 748 836 mobilis
782 796 823 835 in
860 802 1071 848 quantum
1110 794 1371 848 hujusmodi,
1411 800 1454 834 et
1491 794 1602 842 ideo,

21 880 60 902 10
77 879 177 905 cum
208 865 306 906 dico
337 878 467 906 causa
498 864 638 917 prima
669 870 746 912 est,
779 871 820 904 et
855 862 1140 916 intelligencia
1171 869 1248 914 est,
1269 870 1313 903 et
1346 869 1490 904 motus
1522 869 1600 911 est,

79 934 120 973 in
144 933 285 987 prima
311 932 616 986 proposicione
644 932 891 985 predicatur
922 944 1097 985 presens
1128 931 1369 972 eternitatis
1401 931 1601 979 increate,

78 1009 123 1043 et
160 1003 203 1041 in
239 1002 430 1041 secunda
470 1014 647 1054 presens
681 1000 922 1041 eternitatis
959 1007 1114 1049 create,
1149 999 1238 1040 sive
1275 1000 1409 1052 ipsius
1445 1000 1522 1048 evi,
1560 999 1602 1039 in

78 1070 210 1111 tercia
246 1083 421 1122 presens
459 1070 678 1122 temporis.
757 1069 902 1109 Prima
938 1069 1027 1109 duo
1063 1074 1161 1109 sunt
1200 1067 1486 1118 indivisibilia,
1518 1074 1603 1108 ter-

79 1138 193 1178 cium
223 1144 288 1178 est
313 1137 539 1187 divisibile,
561 1138 615 1177 de
639 1150 727 1190 quo
752 1137 857 1177 dicit
888 1137 1139 1186 Priscianus,
1163 1144 1317 1178 octavo
1340 1136 1461 1185 libro,
1483 1137 1601 1188 quod

21 1218 59 1249 15
78 1219 255 1260 presens
277 1212 343 1246 est
364 1205 485 1258 cujus
507 1219 605 1258 pars
628 1205 832 1258 preteriit,
855 1219 954 1259 pars
977 1205 1120 1245 futura
1142 1212 1218 1246 est.
1281 1205 1435 1246 Voluit
1456 1211 1603 1245 tamen

79 1275 198 1327 quod
231 1274 300 1315 hic
326 1287 500 1327 presens
528 1274 584 1315 sit
616 1274 658 1313 in
690 1273 833 1314 verbis
863 1273 1097 1326 adjectivis,
1129 1274 1304 1323 scilicet,
1333 1274 1375 1313 in
1404 1273 1605 1314 omnibus

79 1343 173 1383 aliis
195 1343 251 1383 ab
273 1342 356 1383 hoc
378 1341 512 1382 verbo
544 1341 829 1391 substantivo,
851 1355 958 1392 sum,
979 1355 1036 1391 es,
1059 1349 1123 1382 est
1144 1358 1152 1389 ;
1184 1349 1249 1382 set
1279 1343 1334 1383 de
1360 1342 1441 1382 hoc
1471 1342 1604 1382 verbo

79 1411 352 1451 substantivo
388 1411 562 1451 videtur
599 1410 742 1451 dicere
778 1409 942 1463 aliquid
978 1410 1202 1451 dissonum
1240 1410 1460 1463 predictis,
1498 1410 1602 1451 dicit

80 1479 207 1528 enim,
228 1479 346 1532 quod
373 1491 552 1532 presens
581 1478 624 1518 in
653 1478 748 1518 aliis
774 1484 838 1518 est
869 1479 987 1531 quod
1017 1492 1116 1531 pars
1145 1479 1239 1532 ejus
1269 1479 1473 1532 preterita
1506 1492 1605 1531 pars

23 1563 62 1584 20
80 1547 222 1588 futura
253 1553 333 1595 est,
354 1553 419 1587 set
452 1547 494 1586 in
527 1546 610 1587 hoc
637 1548 772 1588 verbo
804 1547 1077 1587 substantivo
1105 1561 1277 1601 semper
1299 1547 1509 1600 perfeccio
1532 1553 1608 1596 est,

81 1623 123 1656 et
150 1614 280 1655 nichil
306 1615 439 1655 deest.
505 1613 583 1655 Set
615 1615 947 1668 intelligendum
977 1622 1055 1665 cst,
1077 1616 1195 1669 quod
1222 1615 1414 1669 loquitur
1436 1615 1491 1656 de
1516 1629 1609 1656 esse

80 1683 318 1724 secundum
355 1683 473 1735 quod
510 1697 609 1723 vere
644 1684 853 1724 dividitur
889 1698 914 1723 a
955 1683 1198 1736 significato
1233 1683 1353 1724 verbi
1395 1683 1609 1735 adjectivi.

83 1751 228 1793 Omne
249 1752 426 1804 quidem
448 1752 630 1792 verbum
660 1751 666 1806 Ι
692 1751 955 1804 adjectivum
984 1752 1197 1805 significat
1221 1759 1389 1794 motum
1409 1766 1417 1802 ;
1450 1758 1492 1792 et
1516 1765 1609 1792 esse
1628 1768 1665 1799 42
1686 1761 1704 1790 1)
1724 1768 1750 1790 x.

82 1825 226 1860 motus
266 1825 331 1860 est
368 1819 585 1860 divisibile
622 1826 664 1860 et
700 1821 1002 1869 successivum,
1040 1820 1163 1873 cujus
1199 1835 1298 1875 pars
1336 1820 1528 1874 preteriit
1564 1827 1607 1861 et

24 1901 61 1933 25
82 1901 180 1939 pars
212 1888 354 1929 futura
385 1894 463 1940 est,
492 1888 592 1940 quia
624 1902 710 1929 non
742 1895 806 1929 est
840 1902 1110 1942 permanens,
1141 1896 1184 1930 et
1219 1890 1317 1930 ideo
1349 1902 1427 1928 nec
1456 1902 1606 1929 verum

81 1955 215 1996 habet
256 1969 361 2003 esse,
402 1962 445 1996 et
489 1956 746 2009 perfectum.
831 1957 977 2010 Hujus
1012 1955 1015 2011 Ι
1050 1957 1169 1998 verbi
1222 1964 1288 1998 est
1340 1957 1399 1997 sic
1451 1957 1607 2009 accipit
1627 1964 1664 1995 F.
1683 1971 1755 2004 97ss
1779 1973 1804 1995 ε.

83 2024 323 2064 Priscianus
359 2023 417 2063 ibi
449 2024 630 2064 verbum
662 2026 998 2073 substantivum,
1032 2032 1075 2066 et
1107 2039 1285 2078 presens
1316 2025 1422 2078 ejus.
1499 2025 1607 2066 Esse

82 2093 198 2132 enim
222 2092 279 2131 rei
301 2092 539 2132 successive
560 2098 625 2132 est
648 2093 917 2145 equivocum,
940 2099 982 2134 et
1005 2093 1212 2142 similiter,
1233 2107 1327 2134 esse
1350 2106 1609 2146 permanens

82 2160 226 2200 adhuc
262 2166 326 2200 est
363 2160 635 2211 equivocum,
672 2174 772 2200 nam
808 2161 874 2201 vel
910 2167 974 2202 est
1011 2168 1216 2210 creatum,
1253 2162 1320 2202 vel
1358 2162 1608 2203 increatum.

23 2242 64 2274 30
85 2228 194 2269 Esse
217 2228 457 2268 increatum
485 2234 552 2268 est
578 2228 767 2269 essencia
790 2229 948 2281 divina,
968 2236 1012 2271 et
1033 2230 1242 2279 similiter,
1265 2243 1463 2271 mensura
1484 2230 1608 2270 istius

82 2310 187 2346 esse,
213 2310 298 2350 que
320 2303 386 2337 est
403 2297 610 2337 eternitas
630 2296 829 2347 increata,
847 2298 949 2350 quia
971 2299 1014 2338 in
1032 2299 1128 2339 Deo
1150 2298 1267 2339 nulla
1289 2305 1353 2339 est
1370 2299 1607 2339 diversitas

85 2365 174 2405 Sua
195 2365 308 2405 enim
331 2364 462 2412 accio,
481 2371 523 2404 et
546 2378 672 2404 suum
696 2379 799 2415 esse,
822 2373 865 2406 et
887 2379 965 2406 sua
987 2367 1180 2416 duracio‚
1200 2372 1243 2407 et
1265 2380 1340 2407 sue
1362 2367 1608 2408 duracionis

85 2446 296 2483 mensura,
311 2438 354 2473 et
375 2446 453 2473 sua
475 2433 675 2482 essencia‚
693 2440 793 2474 sunt
816 2435 988 2487 penitus
1011 2435 1139 2484 idem,
1157 2435 1268 2476 sicut
1287 2434 1608 2488 Methaphisica

129 2538 167 2567 14
192 2528 423 2569 Priscianus]
455 2529 638 2568 ‘praesens
663 2534 795 2568 tempus
820 2530 957 2569 proprie
976 2529 1098 2560 dicitur
1122 2530 1214 2568 cujus
1238 2539 1315 2570 pars
1335 2530 1512 2569 praeteriit
1531 2540 1610 2569 pars

84 2580 194 2611 futura
217 2585 269 2611 est
279 2579 298 2611 '.
454 2590 498 2612 20
523 2581 573 2611 ‘id
599 2581 688 2611 enim
714 2581 863 2611 omnium
887 2591 1024 2620 semper
1047 2586 1099 2612 est
1122 2582 1404 2620 perfectissimum
1428 2582 1482 2613 cui
1508 2582 1607 2612 nichil

83 2631 210 2669 deest’,
226 2632 293 2662 viii.
310 2641 362 2670 51.

127 2724 147 2753 3
170 2713 308 2754 latinos]
326 2714 450 2744 latores
466 2713 501 2742 D
599 2724 618 2752 5
643 2714 735 2755 dico]
754 2713 805 2744 dic
825 2714 865 2743 M
962 2724 1001 2754 19
1024 2715 1081 2746 alt.
1099 2715 1204 2755 quod]
1222 2716 1315 2754 cujus
1332 2715 1367 2745 D
1469 2725 1510 2754 25
1533 2716 1610 2755 quia

84 2787 92 2796 .
112 2788 119 2795 .
139 2788 146 2796 .
167 2774 370 2804 permanens
385 2774 454 2795 om.
469 2764 504 2795 D
644 2765 751 2805 28-29
774 2770 808 2795 et
826 2790 831 2795 .
852 2789 858 2795 .
883 2791 888 2796 .
906 2766 1104 2804 equivocum
1121 2766 1188 2797 iler.
1208 2765 1247 2795 M
1377 2775 1416 2805 31
1443 2766 1609 2807 increata]

86 2816 235 2847 increata
252 2820 287 2846 et
303 2826 380 2847 esse
398 2816 586 2847 increatum
603 2816 636 2846 F
