1877 3131
828 157 905 197 147

160 257 208 300 Si
231 258 412 306 dicatur,
434 257 553 311 quod
576 270 706 297 omne
734 270 869 310 agens
892 257 1055 310 phisice
1085 260 1257 312 patitur,
1282 275 1399 315 ergo,
1423 269 1633 312 movetur,

100 340 214 380 ergo,
238 333 381 367 motus
404 332 469 367 est
492 326 534 366 in
557 331 714 378 agente
736 339 744 375 ;
776 332 900 378 patet
914 327 1033 379 quod
1055 326 1137 369 hoc
1160 342 1245 370 non
1268 336 1332 370 θεῖ
1354 331 1396 370 in
1419 339 1632 384 quantum

100 395 202 448 agit,
233 401 300 435 set
338 395 380 434 in
415 401 629 448 quantum
668 394 843 448 patitur.
918 394 997 436 Set
1042 397 1185 448 gravis
1219 404 1285 438 est
1323 398 1543 440 dubitacio
1577 401 1632 440 de

98 464 274 504 accione
300 470 342 504 et
364 464 568 516 passione
589 469 632 503 et
655 468 790 513 motu,
807 464 1031 516 quomodo
1049 464 1264 506 differunt.
1318 467 1377 507 Et
1399 467 1631 508 dicendum

62 551 77 579 5
97 533 334 573 secundum
361 531 663 580 Aristotelem,
686 532 804 584 quod
838 533 949 572 sicut
970 546 1173 574 ascensus
1203 540 1245 574 et
1274 534 1506 576 descensus
1529 543 1631 577 sunt

97 601 275 642 omnino
318 601 489 641 diversa
524 601 764 641 secundum
801 614 923 640 suam
961 602 1214 653 essenciam,
1250 609 1399 643 tamen
1433 605 1629 656 spacium

96 676 161 710 θεῖ
194 670 310 710 idem
344 670 453 710 inter
489 682 660 709 sursum
694 676 737 709 et
774 669 992 717 deorsum,
1028 670 1087 709 sic
1122 671 1244 711 accio
1277 677 1320 711 et
1352 672 1498 725 passio
1532 679 1633 714 sunt

96 738 265 779 diversa
287 739 330 778 in
359 738 566 788 esseneia,
587 745 652 779 set
686 744 830 779 motus
859 752 990 791 super
1019 752 1149 791 quem
1179 739 1246 779 vel
1273 740 1329 780 ad
1353 754 1484 793 quem
1512 754 1631 781 com-

97 813 304 860 parantur
324 813 390 848 est
417 807 546 848 idem.
610 806 833 854 Similiter,
856 819 1110 860 progressus
1132 821 1157 847 a
1179 808 1314 849 Tebis
1343 810 1400 850 ad
1429 809 1631 850 Athenas

40 896 76 917 10
96 883 140 917 et
172 888 390 927 regressus
420 881 520 917 sunt
547 875 728 925 diversa,
758 881 823 916 set
852 875 922 916 via
955 881 1019 916 est
1049 876 1217 917 eadem.
1282 876 1505 927 Similiter,
1534 892 1630 932 pro-

97 944 244 996 porcio
271 946 455 985 duorum
487 944 542 984 ad
574 957 707 984 unum
739 957 824 996 que
851 950 917 985 est
944 943 1090 997 dupla,
1118 950 1160 985 et
1193 945 1317 986 unius
1343 946 1399 986 ad
1426 947 1514 987 duo
1547 961 1632 1000 que

95 1019 159 1053 est
180 1013 412 1066 subdupla,
434 1019 535 1053 sunt
557 1013 726 1053 diverse
749 1013 790 1052 in
814 1013 1005 1053 essencia
1028 1013 1386 1066 comparacionis‚
1409 1021 1476 1055 set
1498 1015 1630 1055 inter-

96 1080 257 1121 vallum
291 1081 407 1121 idem
432 1087 497 1121 est
525 1082 635 1121 inter
663 1082 751 1122 duo
783 1088 825 1122 et
858 1094 1005 1121 unum.
1068 1081 1127 1122 Et
1157 1082 1249 1135 jam
1283 1084 1535 1136 expositum
1567 1089 1631 1123 est

95 1151 213 1202 quod
252 1157 396 1190 motus
434 1157 499 1190 est
538 1150 581 1189 in
617 1149 752 1190 tercia
792 1150 935 1202 specie
972 1149 1208 1202 qualitatiS‚
1241 1152 1362 1192 accio
1401 1158 1546 1192 autem
1589 1157 1632 1191 et

38 1238 72 1268 15
93 1218 237 1272 passio
279 1224 379 1258 sunt
419 1218 589 1258 diversa
630 1218 981 1270 generalissima:
1025 1225 1067 1259 et
1115 1225 1236 1271 patet
1278 1234 1356 1273 per
1392 1219 1475 1261 hoc
1511 1221 1630 1273 quod

93 1286 259 1339 posicio
295 1285 404 1326 falsa
438 1293 514 1336 est,
552 1299 636 1339 que
672 1286 795 1339 ponit
833 1286 950 1338 quod
986 1287 1105 1327 accio
1143 1293 1186 1327 et
1222 1287 1367 1340 passio
1406 1295 1449 1329 et
1486 1295 1630 1329 motus

93 1361 194 1395 sunt
216 1355 371 1395 eadem
395 1368 459 1395 res
481 1355 772 1395 diversimode
795 1362 1064 1408 comparata.

153 1424 317 1464 Dicunt
340 1423 468 1473 enim,
489 1424 608 1476 quod
632 1424 801 1477 posicio
825 1424 882 1464 rei
907 1424 949 1464 in
972 1424 1175 1477 speciem,
1199 1431 1246 1466 ut
1278 1425 1320 1465 in
1350 1432 1472 1467 motu
1501 1425 1629 1467 locali

94 1492 259 1546 posicio
297 1493 355 1532 rei
395 1492 437 1532 in
470 1492 629 1539 locum,
662 1500 727 1533 est
764 1494 885 1534 accio
918 1500 960 1534 et
992 1493 1136 1546 passio
1170 1500 1211 1534 et
1246 1500 1420 1543 motus3
1462 1507 1564 1535 nam
1596 1495 1629 1535 si

36 1573 73 1595 20
95 1560 347 1614 respiciatur
380 1568 428 1602 ut
463 1561 519 1601 ab
556 1561 640 1602 hoc
677 1567 753 1611 est,
791 1561 965 1611 scilicet,
1001 1562 1057 1603 ab
1093 1569 1264 1614 agente,
1300 1563 1360 1603 sic
1394 1569 1460 1603 est
1497 1563 1628 1613 accio,

94 1630 127 1669 si
156 1629 397 1670 secundum
432 1630 552 1682 quod
583 1636 649 1671 θεῖ
680 1630 723 1670 in
748 1630 845 1679 hoc,
869 1630 1041 1679 scilicet,
1070 1629 1074 1684 Ι
1104 1630 1146 1670 in
1173 1631 1362 1683 paciens,
1388 1631 1450 1672 sic
1471 1633 1630 1684 passio,
1650 1652 1687 1683 41
1708 1654 1727 1674 a
1748 1653 1775 1674 2.

93 1699 332 1740 secundum
354 1700 473 1751 quod
497 1705 563 1740 est
586 1699 641 1739 ab
663 1699 746 1739 hoc
768 1699 810 1739 in
836 1699 931 1746 hoc,
955 1699 1013 1740 sic
1037 1705 1103 1740 est
1127 1705 1286 1740 motus.
1337 1699 1485 1741 Primo
1513 1701 1627 1741 enim

92 1766 201 1808 fallit
230 1767 308 1808 hec
336 1767 484 1821 opinio
514 1768 556 1807 in
586 1781 652 1819 eo,
673 1767 790 1821 quod
824 1781 924 1808 cum
956 1768 1077 1809 accio
1111 1775 1154 1809 et
1181 1768 1328 1821 passio
1354 1768 1440 1809 sint
1462 1769 1630 1810 diversa

93 1836 434 1889 generalissima,
451 1836 706 1889 inpossibile
729 1843 793 1877 est
817 1837 935 1889 quod
958 1836 1150 1877 habeant
1174 1837 1355 1877 eandem
1379 1838 1630 1885 essenciam,

35 1918 71 1947 25
93 1918 171 1946 nec
200 1906 318 1958 quod
349 1919 415 1946 res
442 1905 595 1946 eadem
626 1919 702 1958 per
731 1906 967 1946 essenciam
997 1905 1128 1946 faciat
1161 1919 1226 1946 ea.
1288 1905 1489 1946 Maxima
1516 1905 1628 1945 enim

94 1980 135 2014 et
158 1974 378 2026 completa
401 1974 655 2015 diversitate
676 1974 838 2015 distant
861 1973 1200 2026 generalissima,
1222 1973 1282 2014 ita
1304 1973 1421 2027 quod
1446 1974 1488 2013 in
1511 1973 1629 2013 nullo

93 2043 366 2092 conveniant,
398 2043 513 2082 unde
541 2055 775 2083 commune
807 2055 893 2082 non
925 2041 1089 2082 habent
1121 2043 1241 2094 quod
1273 2042 1329 2082 sit
1362 2042 1628 2089 universale3

94 2124 207 2164 ergo,
231 2110 370 2150 multo
400 2110 542 2150 minus
573 2111 745 2150 diversa
771 2110 961 2150 essencia
989 2111 1182 2163 ipsorum
1206 2123 1428 2163 generum.
1493 2110 1629 2151 Nullo

93 2171 222 2234 igitur
263 2179 396 2220 modo
437 2186 584 2232 potest
622 2179 775 2219 eadem
815 2192 879 2218 res
916 2192 1010 2219 esse
1048 2179 1102 2219 de
1136 2178 1329 2219 essencia
1362 2179 1551 2220 accionis
1585 2186 1628 2220 et

33 2261 74 2290 30
91 2248 318 2301 passionis.
395 2247 546 2288 Motus
579 2248 716 2289 eciam
752 2254 817 2288 est
856 2248 898 2287 in
933 2247 1018 2289 alio
1052 2248 1378 2300 predicamento
1413 2249 1469 2288 ab
1503 2247 1627 2296 aliis;

92 2322 134 2358 et
167 2317 265 2357 ideo
295 2316 402 2357 falsa
432 2323 497 2357 est
523 2316 603 2357 hec
635 2316 814 2369 posicio,
837 2329 924 2357 non
952 2315 1094 2357 solum
1123 2323 1302 2369 propter
1332 2317 1555 2357 accionem
1583 2323 1628 2358 et

92 2384 354 2437 passionem,
376 2392 443 2425 set
471 2390 650 2437 propter
677 2391 857 2425 motum.
924 2384 1047 2433 Item,
1070 2385 1104 2424 si
1139 2391 1296 2434 motus,
1320 2390 1367 2424 ut
1399 2385 1479 2425 hec
1509 2385 1627 2438 posi-

92 2453 158 2493 cio
192 2452 307 2503 dicit,
339 2453 396 2494 sit
428 2453 483 2493 ab
515 2453 598 2494 hoc
629 2452 672 2492 in
703 2453 802 2502 hoc,
832 2459 875 2493 et
906 2453 1026 2493 accio
1057 2457 1123 2492 est
1156 2458 1204 2493 ut
1236 2453 1292 2492 ab
1325 2452 1406 2493 hoc
1438 2458 1626 2500 tantum,

93 2521 236 2572 passio
278 2528 326 2561 ut
372 2522 414 2561 in
455 2521 538 2561 hoc
580 2527 763 2569 tantum,
805 2527 909 2561 tunc
950 2534 1049 2561 cum
1093 2527 1240 2561 motus
1282 2520 1626 2572 comprehendat

33 2602 72 2634 35
93 2594 335 2643 utrumque,
366 2589 542 2639 scilicet,
573 2590 629 2630 ab
661 2590 745 2630 hoc
777 2589 820 2628 in
850 2589 946 2636 hoc2
976 2594 1120 2630 motus
1151 2594 1439 2642 componetur
1469 2588 1525 2629 ab
1556 2601 1626 2629 ae-

92 2658 214 2699 cione
237 2664 281 2698 et
306 2658 521 2711 passione,
543 2658 660 2712 quod
685 2664 750 2699 est
776 2657 1029 2699 absurdum.
1094 2657 1153 2698 Et
1183 2663 1303 2710 patet
1332 2670 1427 2697 esse
1455 2656 1625 2705 falsum,

137 2776 156 2796 2
181 2764 308 2806 motus]
321 2770 430 2796 motus
445 2776 513 2796 non
526 2764 568 2795 M
651 2767 671 2796 8
694 2765 727 2796 in
742 2764 913 2805 essencia]
926 2765 1112 2795 secundum
1127 2764 1316 2795 essenciam
1328 2764 1363 2794 D
1454 2764 1494 2794 16
1516 2763 1624 2804 quod]

93 2827 159 2856 quo
177 2817 218 2847 M
346 2827 388 2857 35
412 2821 634 2857 componetur
650 2816 709 2858 ab]
727 2821 920 2857 exponetur
937 2827 980 2847 ex
996 2815 1031 2846 D
