1898 3126
46 524 63 554 υἱ

26 864 64 885 10

802 127 881 170 301

86 230 127 270 in
165 227 343 269 diversis
394 227 591 280 partibus
642 228 792 268 ultime
843 228 1136 276 concavitatis,
1179 236 1222 270 et
1263 230 1339 271 hec
1383 231 1604 272 diversitas

85 296 389 350 operacionum
417 295 592 348 requirit
624 296 918 337 diversitatem
950 299 1143 350 parcium
1172 298 1284 338 illius
1311 300 1604 347 concavitatis,

84 365 186 418 quia
218 364 377 406 siccum
410 364 520 404 bene
553 365 708 406 retinet
744 372 787 406 et
827 366 1056 406 humidum
1090 368 1201 407 bene
1234 367 1396 419 recipit,
1429 375 1472 408 et
1506 369 1603 408 ideo

84 433 237 474 ultima
278 446 376 486 pars
418 431 530 472 illius
563 433 844 474 concavitatis
881 435 1032 475 siccior
1072 441 1137 475 est
1180 441 1227 475 ut
1268 435 1380 475 bene
1422 436 1604 477 retineat

85 501 260 556 species,
285 507 328 541 et
350 506 528 553 propter
556 501 637 541 hoc
660 515 745 541 non
768 510 833 543 est
855 502 1079 544 diversitas
1108 502 1187 544 hec
1221 504 1401 557 subjecti
1431 511 1604 557 propter

84 569 381 610 diversitatem
419 569 603 616 virtutis,
637 570 712 610 sed
748 577 924 623 propter
960 572 1263 612 necessitatem
1298 573 1603 625 operacionum

84 639 364 688 diversarum,
415 645 594 691 propter
645 639 763 690 quod
816 653 914 679 cum
970 640 1290 681 reminiscencia
1343 643 1603 693 respondeat

85 707 303 756 memorie,
324 720 410 747 non
433 713 605 760 oportet
628 708 746 760 quod
769 709 1093 749 reminiscencia
1125 710 1179 750 sit
1208 710 1377 751 diversa
1404 711 1603 763 potencia

83 776 137 816 ab
168 775 567 824 intellectu,·im1no
600 775 740 816 minus
772 776 940 817 differet
972 777 1027 818 ab
1060 791 1112 817 eo
1143 791 1274 830 quam
1310 779 1516 819 memoria
1547 780 1603 818 ab

83 844 370 893 estimacione,
393 844 600 897 quoniam
627 845 904 896 operaciones
933 846 1026 893 iste,
1049 859 1135 897 que
1159 853 1259 886 sunt
1292 846 1532 899 intelligere
1560 854 1602 888 et

32 919 36 922 ’
83 913 308 965 reminisci,
328 927 413 953 non
433 913 652 966 requirunt
671 913 840 954 diversa
861 914 1057 966 subjecta
1079 928 1157 954 nec
1176 915 1474 962 instrumenta,
1491 916 1601 956 sicut

22 1554 61 1575 20

17 2240 58 2270 30

15 2578 54 2610 35

81 982 359 1034 operaciones
376 981 583 1022 memorie
599 988 641 1022 et
658 983 960 1023 estimacionis.
1005 983 1122 1036 Quia
1148 981 1153 1037 Ι
1181 984 1326 1023 anima
1341 983 1602 1024 intellectiva

82 1064 169 1091 non
192 1057 256 1092 est
278 1051 457 1103 alligata
478 1064 653 1103 organo.
719 1051 765 1092 Si
787 1065 890 1091 vero
911 1052 1080 1092 dicatur
1108 1053 1226 1104 quod
1256 1051 1531 1104 Augustinus
1560 1059 1601 1093 et

82 1119 276 1173 theologi
310 1125 476 1173 ponunt
513 1125 658 1172 partes
692 1120 1037 1174 ymaginacionis
1073 1119 1329 1160 memoriam
1363 1121 1602 1174 intelligen-

81 1188 191 1229 ciam
209 1195 254 1229 et
269 1188 555 1239 voluntatem,
574 1189 803 1230 dicendum
824 1195 887 1229 est
904 1190 1021 1242 quod
1040 1189 1117 1228 hec
1135 1189 1317 1241 particio
1334 1202 1417 1228 non
1436 1195 1499 1229 est
1522 1190 1602 1229 nisi

82 1257 319 1298 secundum
341 1264 462 1297 actus
484 1264 526 1297 et
549 1257 723 1298 habitus
746 1271 831 1298 non
856 1258 1091 1299 secundum
1114 1257 1304 1297 virtutes.
1367 1257 1426 1296 Et
1449 1257 1490 1296 in
1520 1257 1602 1297 hoc

81 1326 319 1366 concordat
347 1326 464 1378 quod
492 1326 598 1367 dicit
626 1326 958 1378 intelligenciam
988 1326 1161 1366 formari
1188 1339 1212 1365 a
1243 1325 1462 1373 memoria,
1486 1326 1602 1378 quod

79 1408 164 1435 non
198 1395 468 1447 contingeret
499 1396 534 1435 si
567 1403 708 1436 essent
740 1396 905 1436 diverse
932 1396 1124 1444 virtutes,
1147 1394 1248 1446 quia
1274 1394 1353 1434 hec
1379 1394 1602 1434 diversitas

79 1464 253 1505 virtutis
295 1472 406 1505 esset
447 1465 685 1505 secundum
730 1471 927 1505 naturam
963 1471 1005 1506 et
1042 1465 1277 1505 essenciam
1320 1470 1363 1504 et
1400 1464 1600 1516 speciem,

79 1533 190 1573 sicut
219 1539 284 1574 est
321 1534 375 1573 de
411 1534 504 1573 visu
540 1541 582 1574 et
620 1534 786 1575 auditu.
849 1534 980 1575 Unde
1016 1534 1133 1586 quod
1171 1533 1282 1573 acies
1316 1531 1602 1586 intelligencie

80 1602 291 1642 formetur
311 1617 336 1643 a
360 1603 570 1643 memoria
599 1602 682 1643 hoc
704 1617 790 1644 non
814 1610 878 1643 est
902 1602 1019 1643 aliud
1049 1602 1131 1641 nisi
1153 1602 1255 1654 quia
1280 1601 1433 1641 eadem
1466 1601 1600 1641 virtus

82 1671 238 1718 anime,
271 1670 448 1722 scilicet,
480 1670 721 1712 intellectus
763 1672 854 1725 ipse
894 1671 984 1711 sive
1024 1670 1168 1710 anima
1206 1669 1467 1710 intellectiva
1502 1677 1600 1721 post

80 1739 266 1792 primam
303 1739 710 1792 apprehensionem,
744 1740 1055 1780 interveniente
1087 1739 1230 1792 quiete
1263 1738 1329 1778 vel
1367 1738 1600 1785 oblivione,

82 1815 309 1862 recuperat
345 1807 685 1861 intelligenciam
718 1823 794 1861 per
824 1809 988 1861 species
1019 1821 1126 1860 quas
1159 1808 1253 1860 ipsa
1278 1806 1425 1847 anima
1456 1807 1600 1847 habet.

42 1896 56 1925 .·
82 1877 213 1918 Unde
244 1877 485 1918 secundum
519 1878 633 1928 quod
669 1877 818 1917 recolit
850 1878 908 1917 sic
940 1884 1005 1917 est
1038 1876 1246 1916 memoria
1283 1876 1370 1916 sive
1409 1875 1598 1915 reminis-

80 1947 235 1987 cencia.
299 1945 345 1986 Si
372 1959 473 1986 vero
495 1945 612 1998 quod
635 1946 768 1986 habet
791 1947 950 1999 primas
973 1944 1341 1997 apprehenciones
1362 1944 1422 1984 sic
1445 1944 1601 1984 dicitur

79 2014 384 2068 intelligencia.
449 2014 506 2054 Et
528 2014 764 2054 secundum
788 2015 907 2066 quod
928 2014 1096 2066 appetit
1117 2019 1216 2065 post
1238 2013 1422 2066 primam
1444 2026 1597 2065 appre-

79 2083 334 2124 hensionem
372 2082 439 2122 vel
478 2090 579 2135 post
615 2084 865 2129 secundam,
901 2082 1058 2122 dicitur
1088 2081 1289 2122 voluntas
1326 2087 1368 2121 et
1403 2080 1596 2121 affectus.

82 2151 211 2192 Unde
239 2151 517 2205 operaciones
545 2158 644 2191 sunt
676 2152 852 2192 diverse.
917 2151 974 2191 Et
1000 2151 1174 2191 nomina
1201 2150 1370 2190 virtutis
1403 2150 1597 2202 ejusdem

78 2220 317 2261 secundum
346 2220 464 2272 quod
498 2220 631 2260 habet
661 2220 850 2260 diversas
876 2220 1154 2272 operaciones
1184 2217 1524 2259 diversificantur
1555 2226 1598 2259 et

78 2302 165 2329 non
197 2297 295 2329 sunt
327 2289 494 2329 diverse
526 2289 707 2330 virtutes
739 2289 847 2329 sicut
880 2289 1129 2329 sensitivum
1161 2293 1204 2328 et
1228 2287 1520 2340 vegetativum
1554 2294 1596 2327 et

79 2358 404 2399 intellectivum.

135 2428 209 2467 Ex
233 2427 391 2479 quibus
413 2434 539 2479 patet
557 2427 659 2479 quid
679 2427 907 2468 dicendum
927 2433 990 2466 est
1012 2427 1065 2466 de
1083 2425 1217 2465 libero
1235 2424 1422 2473 arbitrio,
1440 2426 1494 2464 de
1511 2437 1598 2476 quo

78 2495 213 2536 multe
250 2496 478 2549 opiniones
510 2503 610 2537 sunt
637 2495 860 2536 contrarie.
921 2495 1037 2535 Nam
1066 2495 1243 2547 quidam
1267 2500 1431 2546 ponunt
1454 2493 1595 2545 ipsum

76 2578 101 2605 a
123 2570 245 2617 parte
267 2564 445 2605 affectus
468 2570 511 2604 et
535 2563 785 2610 voluntatis,
809 2563 987 2616 quidam
1009 2576 1034 2602 a
1055 2568 1177 2614 parte
1199 2561 1391 2611 racionis,
1419 2560 1595 2613 quidam

77 2640 259 2685 utroque
302 2633 446 2679 modo,
484 2638 665 2684 propter
707 2631 884 2671 verbum
931 2630 1164 2683 Augustini
1208 2629 1280 2682 qui
1327 2629 1433 2669 dicit
1480 2629 1598 2681 quod

77 2700 258 2742 liberum
290 2700 515 2741 arbitrium
552 2706 616 2740 est
647 2699 826 2740 facultas
858 2700 1040 2740 racionis
1072 2706 1115 2740 et
1147 2698 1392 2739 voluntatis.
1455 2696 1529 2737 Set
1562 2697 1596 2736 si

118 2791 160 2829 36
183 2789 405 2830 Augustini]
428 2788 466 2819 dc
489 2788 643 2819 Trinitas(
658 2800 690 2821 x.
713 2799 760 2820 11.

1622 998 1744 1037 87b2.
