<?xml version="1.0" encoding="UTF-8"?>
<!DOCTYPE html PUBLIC "-//W3C//DTD XHTML 1.0 Transitional//EN"
    "http://www.w3.org/TR/xhtml1/DTD/xhtml1-transitional.dtd">
<html xmlns="http://www.w3.org/1999/xhtml" xml:lang="en" lang="en">
 <head>
  <title>
</title>
<meta http-equiv="Content-Type" content="text/html;charset=utf-8" />
  <meta name='ocr-system' content='tesseract 3.04.00' />
  <meta name='ocr-capabilities' content='ocr_page ocr_carea ocr_par ocr_line ocrx_word'/>
</head>
<body>
  <div class='ocr_page' id='page_1' title='image "./operahactenusine03baco_0111.png"; bbox 0 0 1898 3126; ppageno 0'>
   <div class='ocr_carea' id='block_1_1' title="bbox 3 0 9 148">
    <p class='ocr_par' dir='ltr' id='par_1_1' title="bbox 3 0 917 148">
     <span class='ocr_line' id='line_1_1' title="bbox 3 0 9 148; baseline -0.003 -13"><span class='ocrx_word' id='word_1_1' title='bbox 3 0 9 148; x_wconf 79' lang='lat' dir='ltr'>l</span> 
     </span>
    </p>
   </div>
   <div class='ocr_carea' id='block_1_2' title="bbox 3 153 1786 2370">
    <p class='ocr_par' dir='ltr' id='par_1_2' title="bbox 3 153 1786 2370">
     <span class='ocr_line' id='line_1_2' title="bbox 3 153 1639 256; baseline 0.001 -23"><span class='ocrx_word' id='word_1_2' title='bbox 3 153 7 256; x_wconf 73' lang='grc' dir='ltr'>Ι</span> <span class='ocrx_word' id='word_1_3' title='bbox 80 191 264 247; x_wconf 83' lang='lat' dir='ltr'>&#39;quibus</span> <span class='ocrx_word' id='word_1_4' title='bbox 295 192 460 232; x_wconf 84' lang='lat' dir='ltr'>absorti</span> <span class='ocrx_word' id='word_1_5' title='bbox 490 205 655 242; x_wconf 85' lang='lat' dir='ltr'>sumus,</span> <span class='ocrx_word' id='word_1_6' title='bbox 688 192 792 245; x_wconf 90' lang='lat' dir='ltr'>quia</span> <span class='ocrx_word' id='word_1_7' title='bbox 820 193 962 232; x_wconf 88' lang='lat' dir='ltr'>omnis</span> <span class='ocrx_word' id='word_1_8' title='bbox 993 193 1240 234; x_wconf 89' lang='lat' dir='ltr'>intellectus</span> <span class='ocrx_word' id='word_1_9' title='bbox 1268 200 1416 235; x_wconf 86' lang='lat' dir='ltr'>noster</span> <span class='ocrx_word' id='word_1_10' title='bbox 1445 201 1508 236; x_wconf 87' lang='lat' dir='ltr'>est</span> <span class='ocrx_word' id='word_1_11' title='bbox 1539 208 1639 235; x_wconf 87' lang='lat' dir='ltr'>cum</span> 
     </span>
     <span class='ocr_line' id='line_1_3' title="bbox 3 259 1645 311; baseline 0.001 -9"><span class='ocrx_word' id='word_1_12' title='bbox 3 274 7 296; x_wconf 79' lang='lat'><strong><em>¹</em></strong></span> <span class='ocrx_word' id='word_1_13' title='bbox 107 261 326 310; x_wconf 91' lang='lat' dir='ltr'>continuo,</span> <span class='ocrx_word' id='word_1_14' title='bbox 341 266 388 301; x_wconf 92' lang='lat' dir='ltr'>ut</span> <span class='ocrx_word' id='word_1_15' title='bbox 401 259 668 302; x_wconf 87' lang='lat' dir='ltr'>Aristoteles</span> <span class='ocrx_word' id='word_1_16' title='bbox 682 261 800 311; x_wconf 84' lang='lat' dir='ltr'>dicit,</span> <span class='ocrx_word' id='word_1_17' title='bbox 811 261 922 303; x_wconf 92' lang='lat' dir='ltr'>libro</span> <span class='ocrx_word' id='word_1_18' title='bbox 936 262 987 302; x_wconf 79' lang='lat' dir='ltr'>de</span> <span class='ocrx_word' id='word_1_19' title='bbox 1002 262 1222 303; x_wconf 67' lang='lat' dir='ltr'>Memoria</span> <span class='ocrx_word' id='word_1_20' title='bbox 1234 271 1276 304; x_wconf 78' lang='lat' dir='ltr'>et</span> <span class='ocrx_word' id='word_1_21' title='bbox 1290 263 1645 305; x_wconf 59' lang='lat' dir='ltr'>Reminzlrcencz‘a.</span> 
     </span>
     <span class='ocr_line' id='line_1_4' title="bbox 108 329 1644 383; baseline 0.001 -13"><span class='ocrx_word' id='word_1_22' title='bbox 108 330 168 371; x_wconf 90' lang='lat' dir='ltr'>Et</span> <span class='ocrx_word' id='word_1_23' title='bbox 188 330 285 370; x_wconf 91' lang='lat' dir='ltr'>ideo</span> <span class='ocrx_word' id='word_1_24' title='bbox 314 329 455 383; x_wconf 90' lang='lat' dir='ltr'>primo</span> <span class='ocrx_word' id='word_1_25' title='bbox 488 330 647 370; x_wconf 92' lang='lat' dir='ltr'>intuitu</span> <span class='ocrx_word' id='word_1_26' title='bbox 674 343 760 370; x_wconf 91' lang='lat' dir='ltr'>non</span> <span class='ocrx_word' id='word_1_27' title='bbox 792 331 1066 371; x_wconf 80' lang='lat' dir='ltr'>transcendit</span> <span class='ocrx_word' id='word_1_28' title='bbox 1089 337 1238 372; x_wconf 88' lang='lat' dir='ltr'>noster</span> <span class='ocrx_word' id='word_1_29' title='bbox 1264 331 1508 372; x_wconf 89' lang='lat' dir='ltr'>intellectus</span> <span class='ocrx_word' id='word_1_30' title='bbox 1531 332 1644 372; x_wconf 84' lang='lat' dir='ltr'>ultra</span> 
     </span>
     <span class='ocr_line' id='line_1_5' title="bbox 105 399 1644 453; baseline 0 -14"><span class='ocrx_word' id='word_1_31' title='bbox 105 399 373 448; x_wconf 87' lang='lat' dir='ltr'>continuum,</span> <span class='ocrx_word' id='word_1_32' title='bbox 411 399 529 451; x_wconf 92' lang='lat' dir='ltr'>quod</span> <span class='ocrx_word' id='word_1_33' title='bbox 567 405 631 440; x_wconf 92' lang='lat' dir='ltr'>est</span> <span class='ocrx_word' id='word_1_34' title='bbox 670 400 893 452; x_wconf 80' lang='lat' dir='ltr'>quantitas</span> <span class='ocrx_word' id='word_1_35' title='bbox 934 399 1099 441; x_wconf 89' lang='lat' dir='ltr'>scilicet</span> <span class='ocrx_word' id='word_1_36' title='bbox 1132 400 1382 452; x_wconf 87' lang='lat' dir='ltr'>corporalis.</span> <span class='ocrx_word' id='word_1_37' title='bbox 1460 399 1644 453; x_wconf 82' lang='lat' dir='ltr'>Propter</span> 
     </span>
     <span class='ocr_line' id='line_1_6' title="bbox 68 467 1645 521; baseline 0.001 -12"><span class='ocrx_word' id='word_1_38' title='bbox 68 479 84 510; x_wconf 85' lang='lat'>5</span> <span class='ocrx_word' id='word_1_39' title='bbox 107 469 191 509; x_wconf 90' lang='lat' dir='ltr'>hoc</span> <span class='ocrx_word' id='word_1_40' title='bbox 218 469 273 509; x_wconf 89' lang='lat' dir='ltr'>de</span> <span class='ocrx_word' id='word_1_41' title='bbox 298 467 596 520; x_wconf 78' lang='lat' dir='ltr'>spiritualibus</span> <span class='ocrx_word' id='word_1_42' title='bbox 618 467 779 509; x_wconf 91' lang='lat' dir='ltr'>format</span> <span class='ocrx_word' id='word_1_43' title='bbox 810 468 891 509; x_wconf 91' lang='lat' dir='ltr'>sibi</span> <span class='ocrx_word' id='word_1_44' title='bbox 918 474 965 509; x_wconf 93' lang='lat' dir='ltr'>ut</span> <span class='ocrx_word' id='word_1_45' title='bbox 987 468 1030 508; x_wconf 92' lang='lat' dir='ltr'>in</span> <span class='ocrx_word' id='word_1_46' title='bbox 1061 468 1257 521; x_wconf 91' lang='lat' dir='ltr'>pluribus</span> <span class='ocrx_word' id='word_1_47' title='bbox 1289 468 1645 521; x_wconf 87' lang='lat' dir='ltr'>ymaginaciones</span> 
     </span>
     <span class='ocr_line' id='line_1_7' title="bbox 106 536 1644 590; baseline 0 -12"><span class='ocrx_word' id='word_1_48' title='bbox 106 536 364 589; x_wconf 79' lang='lat' dir='ltr'>corporaleS‚</span> <span class='ocrx_word' id='word_1_49' title='bbox 396 543 471 578; x_wconf 86' lang='lat' dir='ltr'>aut</span> <span class='ocrx_word' id='word_1_50' title='bbox 503 537 668 578; x_wconf 88' lang='lat' dir='ltr'>similes</span> <span class='ocrx_word' id='word_1_51' title='bbox 701 538 789 586; x_wconf 86' lang='lat' dir='ltr'>eis;</span> <span class='ocrx_word' id='word_1_52' title='bbox 822 544 897 578; x_wconf 85' lang='lat' dir='ltr'>aut</span> <span class='ocrx_word' id='word_1_53' title='bbox 930 537 965 577; x_wconf 90' lang='lat' dir='ltr'>si</span> <span class='ocrx_word' id='word_1_54' title='bbox 997 538 1076 578; x_wconf 91' lang='lat' dir='ltr'>has</span> <span class='ocrx_word' id='word_1_55' title='bbox 1117 550 1205 577; x_wconf 92' lang='lat' dir='ltr'>non</span> <span class='ocrx_word' id='word_1_56' title='bbox 1238 536 1365 577; x_wconf 90' lang='lat' dir='ltr'>faciat</span> <span class='ocrx_word' id='word_1_57' title='bbox 1397 537 1644 590; x_wconf 87' lang='lat' dir='ltr'>aliquando,</span> 
     </span>
     <span class='ocr_line' id='line_1_8' title="bbox 106 604 1645 660; baseline 0 -14"><span class='ocrx_word' id='word_1_58' title='bbox 106 612 207 646; x_wconf 89' lang='lat' dir='ltr'>tunc</span> <span class='ocrx_word' id='word_1_59' title='bbox 231 604 378 646; x_wconf 86' lang='lat' dir='ltr'>deficit</span> <span class='ocrx_word' id='word_1_60' title='bbox 409 606 464 645; x_wconf 88' lang='lat' dir='ltr'>de</span> <span class='ocrx_word' id='word_1_61' title='bbox 495 606 884 660; x_wconf 80' lang='lat' dir='ltr'>comprehensione</span> <span class='ocrx_word' id='word_1_62' title='bbox 914 607 1147 648; x_wconf 87' lang='lat' dir='ltr'>veritatum</span> <span class='ocrx_word' id='word_1_63' title='bbox 1180 606 1292 647; x_wconf 87' lang='lat' dir='ltr'>circa</span> <span class='ocrx_word' id='word_1_64' title='bbox 1324 606 1578 658; x_wconf 84' lang='lat' dir='ltr'>spiritualia,</span> <span class='ocrx_word' id='word_1_65' title='bbox 1601 614 1645 646; x_wconf 87' lang='lat' dir='ltr'>et</span> 
     </span>
     <span class='ocr_line' id='line_1_9' title="bbox 109 673 1642 727; baseline 0 -13"><span class='ocrx_word' id='word_1_66' title='bbox 109 673 237 714; x_wconf 89' lang='lat' dir='ltr'>nichil</span> <span class='ocrx_word' id='word_1_67' title='bbox 261 674 584 726; x_wconf 79' lang='lat' dir='ltr'>contemplatur</span> <span class='ocrx_word' id='word_1_68' title='bbox 604 687 613 723; x_wconf 88' lang='lat'>;</span> <span class='ocrx_word' id='word_1_69' title='bbox 645 680 689 715; x_wconf 93' lang='lat' dir='ltr'>et</span> <span class='ocrx_word' id='word_1_70' title='bbox 712 675 810 716; x_wconf 91' lang='lat' dir='ltr'>ideo</span> <span class='ocrx_word' id='word_1_71' title='bbox 832 674 875 715; x_wconf 90' lang='lat' dir='ltr'>in</span> <span class='ocrx_word' id='word_1_72' title='bbox 897 675 979 716; x_wconf 90' lang='lat' dir='ltr'>hiis</span> <span class='ocrx_word' id='word_1_73' title='bbox 1003 674 1142 716; x_wconf 87' lang='lat' dir='ltr'>multa</span> <span class='ocrx_word' id='word_1_74' title='bbox 1164 681 1265 715; x_wconf 91' lang='lat' dir='ltr'>sunt</span> <span class='ocrx_word' id='word_1_75' title='bbox 1286 675 1467 727; x_wconf 87' lang='lat' dir='ltr'>vulgata</span> <span class='ocrx_word' id='word_1_76' title='bbox 1488 688 1642 716; x_wconf 91' lang='lat' dir='ltr'>secun-</span> 
     </span>
     <span class='ocr_line' id='line_1_10' title="bbox 105 740 1786 797; baseline -0.001 -14"><span class='ocrx_word' id='word_1_77' title='bbox 105 743 210 783; x_wconf 90' lang='lat' dir='ltr'>dum</span> <span class='ocrx_word' id='word_1_78' title='bbox 258 744 437 783; x_wconf 90' lang='lat' dir='ltr'>modum</span> <span class='ocrx_word' id='word_1_79' title='bbox 483 742 692 795; x_wconf 89' lang='lat' dir='ltr'>loquendi</span> <span class='ocrx_word' id='word_1_80' title='bbox 736 743 778 782; x_wconf 90' lang='lat' dir='ltr'>in</span> <span class='ocrx_word' id='word_1_81' title='bbox 819 743 1085 797; x_wconf 87' lang='lat' dir='ltr'>corporibus,</span> <span class='ocrx_word' id='word_1_82' title='bbox 1127 757 1225 784; x_wconf 90' lang='lat' dir='ltr'>cum</span> <span class='ocrx_word' id='word_1_83' title='bbox 1269 748 1420 783; x_wconf 88' lang='lat' dir='ltr'>tamen</span> <span class='ocrx_word' id='word_1_84' title='bbox 1465 740 1471 796; x_wconf 74' lang='grc' dir='ltr'>Ι</span> <span class='ocrx_word' id='word_1_85' title='bbox 1519 742 1643 783; x_wconf 86' lang='lat' dir='ltr'>aliter</span> <span class='ocrx_word' id='word_1_86' title='bbox 1663 745 1786 777; x_wconf 54' lang='grc'><strong>6832-</strong></span> 
     </span>
     <span class='ocr_line' id='line_1_11' title="bbox 47 809 1640 865; baseline 0 -15"><span class='ocrx_word' id='word_1_87' title='bbox 47 809 386 864; x_wconf 89' lang='lat' dir='ltr'>10intelligenda</span> <span class='ocrx_word' id='word_1_88' title='bbox 424 817 537 861; x_wconf 83' lang='lat' dir='ltr'>sunt,</span> <span class='ocrx_word' id='word_1_89' title='bbox 572 817 615 852; x_wconf 92' lang='lat' dir='ltr'>et</span> <span class='ocrx_word' id='word_1_90' title='bbox 651 825 736 852; x_wconf 92' lang='lat' dir='ltr'>non</span> <span class='ocrx_word' id='word_1_91' title='bbox 773 812 914 852; x_wconf 85' lang='lat' dir='ltr'>solum</span> <span class='ocrx_word' id='word_1_92' title='bbox 950 811 1005 852; x_wconf 94' lang='lat' dir='ltr'>de</span> <span class='ocrx_word' id='word_1_93' title='bbox 1039 811 1216 865; x_wconf 83' lang='lat' dir='ltr'>angelis,</span> <span class='ocrx_word' id='word_1_94' title='bbox 1249 817 1312 851; x_wconf 90' lang='lat' dir='ltr'>set</span> <span class='ocrx_word' id='word_1_95' title='bbox 1352 812 1462 851; x_wconf 93' lang='lat' dir='ltr'>Deo.</span> <span class='ocrx_word' id='word_1_96' title='bbox 1525 811 1640 850; x_wconf 78' lang='lat' dir='ltr'>Nam</span> 
     </span>
     <span class='ocr_line' id='line_1_12' title="bbox 103 871 1641 932; baseline -0.001 -12"><span class='ocrx_word' id='word_1_97' title='bbox 103 880 288 921; x_wconf 90' lang='lat' dir='ltr'>dicimus</span> <span class='ocrx_word' id='word_1_98' title='bbox 313 881 434 932; x_wconf 92' lang='lat' dir='ltr'>quod</span> <span class='ocrx_word' id='word_1_99' title='bbox 468 881 590 921; x_wconf 89' lang='lat' dir='ltr'>Deus</span> <span class='ocrx_word' id='word_1_100' title='bbox 616 880 842 921; x_wconf 91' lang='lat' dir='ltr'>descendit</span> <span class='ocrx_word' id='word_1_101' title='bbox 872 881 927 921; x_wconf 95' lang='lat' dir='ltr'>de</span> <span class='ocrx_word' id='word_1_102' title='bbox 951 881 1075 930; x_wconf 91' lang='lat' dir='ltr'>celo;</span> <span class='ocrx_word' id='word_1_103' title='bbox 1109 885 1152 920; x_wconf 91' lang='lat' dir='ltr'>et</span> <span class='ocrx_word' id='word_1_104' title='bbox 1183 871 1421 920; x_wconf 82' lang='lat' dir='ltr'>secundum</span> <span class='ocrx_word' id='word_1_105' title='bbox 1459 880 1641 920; x_wconf 84' lang='lat' dir='ltr'>modum</span> 
     </span>
     <span class='ocr_line' id='line_1_13' title="bbox 104 947 1640 1003; baseline -0.001 -13"><span class='ocrx_word' id='word_1_106' title='bbox 104 949 330 1003; x_wconf 89' lang='lat' dir='ltr'>vulgatum</span> <span class='ocrx_word' id='word_1_107' title='bbox 364 950 480 1003; x_wconf 90' lang='lat' dir='ltr'>apud</span> <span class='ocrx_word' id='word_1_108' title='bbox 514 963 607 1001; x_wconf 84' lang='lat' dir='ltr'>nos,</span> <span class='ocrx_word' id='word_1_109' title='bbox 637 951 758 1002; x_wconf 90' lang='lat' dir='ltr'>quod</span> <span class='ocrx_word' id='word_1_110' title='bbox 791 950 1016 990; x_wconf 89' lang='lat' dir='ltr'>descendit</span> <span class='ocrx_word' id='word_1_111' title='bbox 1048 950 1102 990; x_wconf 88' lang='lat' dir='ltr'>de</span> <span class='ocrx_word' id='word_1_112' title='bbox 1133 949 1240 997; x_wconf 84' lang='lat' dir='ltr'>alto,</span> <span class='ocrx_word' id='word_1_113' title='bbox 1281 948 1486 1001; x_wconf 86' lang='lat' dir='ltr'>relinquit</span> <span class='ocrx_word' id='word_1_114' title='bbox 1519 947 1640 988; x_wconf 92' lang='lat' dir='ltr'>illum</span> 
     </span>
     <span class='ocr_line' id='line_1_14' title="bbox 105 1015 1640 1071; baseline -0.001 -14"><span class='ocrx_word' id='word_1_115' title='bbox 105 1017 249 1059; x_wconf 88' lang='lat' dir='ltr'>locum</span> <span class='ocrx_word' id='word_1_116' title='bbox 273 1024 317 1058; x_wconf 93' lang='lat' dir='ltr'>et</span> <span class='ocrx_word' id='word_1_117' title='bbox 337 1018 521 1070; x_wconf 83' lang='lat' dir='ltr'>acquirit</span> <span class='ocrx_word' id='word_1_118' title='bbox 543 1031 705 1058; x_wconf 90' lang='lat' dir='ltr'>novum</span> <span class='ocrx_word' id='word_1_119' title='bbox 736 1018 895 1069; x_wconf 89' lang='lat' dir='ltr'>locum,</span> <span class='ocrx_word' id='word_1_120' title='bbox 916 1030 1047 1071; x_wconf 90' lang='lat' dir='ltr'>quem</span> <span class='ocrx_word' id='word_1_121' title='bbox 1071 1018 1189 1071; x_wconf 88' lang='lat' dir='ltr'>prius</span> <span class='ocrx_word' id='word_1_122' title='bbox 1211 1030 1298 1058; x_wconf 92' lang='lat' dir='ltr'>non</span> <span class='ocrx_word' id='word_1_123' title='bbox 1321 1017 1489 1058; x_wconf 88' lang='lat' dir='ltr'>habuit.</span> <span class='ocrx_word' id='word_1_124' title='bbox 1563 1015 1640 1056; x_wconf 88' lang='lat' dir='ltr'>Set</span> 
     </span>
     <span class='ocr_line' id='line_1_15' title="bbox 103 1084 1638 1128; baseline -0.002 -2"><span class='ocrx_word' id='word_1_125' title='bbox 103 1086 182 1126; x_wconf 94' lang='lat' dir='ltr'>hec</span> <span class='ocrx_word' id='word_1_126' title='bbox 205 1092 306 1127; x_wconf 90' lang='lat' dir='ltr'>sunt</span> <span class='ocrx_word' id='word_1_127' title='bbox 337 1087 527 1127; x_wconf 84' lang='lat' dir='ltr'>absurda</span> <span class='ocrx_word' id='word_1_128' title='bbox 558 1087 670 1128; x_wconf 86' lang='lat' dir='ltr'>Deo.</span> <span class='ocrx_word' id='word_1_129' title='bbox 734 1087 794 1127; x_wconf 90' lang='lat' dir='ltr'>Et</span> <span class='ocrx_word' id='word_1_130' title='bbox 816 1100 915 1127; x_wconf 89' lang='lat' dir='ltr'>cum</span> <span class='ocrx_word' id='word_1_131' title='bbox 943 1086 1125 1127; x_wconf 87' lang='lat' dir='ltr'>dicitur:</span> <span class='ocrx_word' id='word_1_132' title='bbox 1159 1091 1166 1107; x_wconf 87' lang='lat'>‘</span> <span class='ocrx_word' id='word_1_133' title='bbox 1188 1086 1309 1127; x_wconf 89' lang='lat' dir='ltr'>Misit</span> <span class='ocrx_word' id='word_1_134' title='bbox 1333 1086 1455 1126; x_wconf 91' lang='lat' dir='ltr'>Deus</span> <span class='ocrx_word' id='word_1_135' title='bbox 1478 1084 1638 1124; x_wconf 89' lang='lat' dir='ltr'>Filium</span> 
     </span>
     <span class='ocr_line' id='line_1_16' title="bbox 45 1152 1639 1208; baseline -0.004 -10"><span class='ocrx_word' id='word_1_136' title='bbox 45 1166 83 1198; x_wconf 82' lang='lat'>15</span> <span class='ocrx_word' id='word_1_137' title='bbox 103 1168 227 1195; x_wconf 91' lang='lat' dir='ltr'>suum</span> <span class='ocrx_word' id='word_1_138' title='bbox 252 1155 294 1195; x_wconf 92' lang='lat' dir='ltr'>in</span> <span class='ocrx_word' id='word_1_139' title='bbox 317 1153 466 1205; x_wconf 59' lang='lat' dir='ltr'>terris:</span> <span class='ocrx_word' id='word_1_140' title='bbox 490 1168 577 1196; x_wconf 88' lang='lat' dir='ltr'>non</span> <span class='ocrx_word' id='word_1_141' title='bbox 599 1161 665 1196; x_wconf 93' lang='lat' dir='ltr'>est</span> <span class='ocrx_word' id='word_1_142' title='bbox 697 1155 1031 1208; x_wconf 87' lang='lat' dir='ltr'>intelligendum</span> <span class='ocrx_word' id='word_1_143' title='bbox 1053 1156 1163 1195; x_wconf 90' lang='lat' dir='ltr'>sicut</span> <span class='ocrx_word' id='word_1_144' title='bbox 1185 1154 1321 1195; x_wconf 91' lang='lat' dir='ltr'>homo</span> <span class='ocrx_word' id='word_1_145' title='bbox 1345 1154 1481 1194; x_wconf 91' lang='lat' dir='ltr'>mittit</span> <span class='ocrx_word' id='word_1_146' title='bbox 1503 1152 1639 1193; x_wconf 90' lang='lat' dir='ltr'>filium</span> 
     </span>
     <span class='ocr_line' id='line_1_17' title="bbox 103 1222 1641 1275; baseline -0.001 -12"><span class='ocrx_word' id='word_1_147' title='bbox 103 1236 229 1264; x_wconf 89' lang='lat' dir='ltr'>suum</span> <span class='ocrx_word' id='word_1_148' title='bbox 265 1238 291 1264; x_wconf 91' lang='lat' dir='ltr'>a</span> <span class='ocrx_word' id='word_1_149' title='bbox 322 1236 368 1263; x_wconf 89' lang='lat' dir='ltr'>se</span> <span class='ocrx_word' id='word_1_150' title='bbox 399 1224 455 1264; x_wconf 88' lang='lat' dir='ltr'>ad</span> <span class='ocrx_word' id='word_1_151' title='bbox 486 1222 632 1264; x_wconf 89' lang='lat' dir='ltr'>locum</span> <span class='ocrx_word' id='word_1_152' title='bbox 665 1224 918 1271; x_wconf 81' lang='lat' dir='ltr'>distantem,</span> <span class='ocrx_word' id='word_1_153' title='bbox 954 1224 996 1263; x_wconf 92' lang='lat' dir='ltr'>in</span> <span class='ocrx_word' id='word_1_154' title='bbox 1027 1236 1115 1275; x_wconf 92' lang='lat' dir='ltr'>quo</span> <span class='ocrx_word' id='word_1_155' title='bbox 1147 1236 1233 1263; x_wconf 91' lang='lat' dir='ltr'>non</span> <span class='ocrx_word' id='word_1_156' title='bbox 1271 1229 1335 1263; x_wconf 90' lang='lat' dir='ltr'>est</span> <span class='ocrx_word' id='word_1_157' title='bbox 1367 1222 1557 1270; x_wconf 57' lang='lat' dir='ltr'>mittens</span> <span class='ocrx_word' id='word_1_158' title='bbox 1596 1228 1641 1262; x_wconf 90' lang='lat' dir='ltr'>et</span> 
     </span>
     <span class='ocr_line' id='line_1_18' title="bbox 102 1290 1640 1345; baseline -0.002 -13"><span class='ocrx_word' id='word_1_159' title='bbox 102 1305 234 1344; x_wconf 91' lang='lat' dir='ltr'>quem</span> <span class='ocrx_word' id='word_1_160' title='bbox 268 1292 387 1345; x_wconf 91' lang='lat' dir='ltr'>prius</span> <span class='ocrx_word' id='word_1_161' title='bbox 433 1306 519 1333; x_wconf 91' lang='lat' dir='ltr'>non</span> <span class='ocrx_word' id='word_1_162' title='bbox 565 1292 721 1333; x_wconf 90' lang='lat' dir='ltr'>habuit</span> <span class='ocrx_word' id='word_1_163' title='bbox 764 1293 931 1333; x_wconf 82' lang='lat' dir='ltr'>missus,</span> <span class='ocrx_word' id='word_1_164' title='bbox 994 1292 1088 1332; x_wconf 87' lang='lat' dir='ltr'>Hec</span> <span class='ocrx_word' id='word_1_165' title='bbox 1123 1291 1238 1331; x_wconf 87' lang='lat' dir='ltr'>enirn</span> <span class='ocrx_word' id='word_1_166' title='bbox 1274 1292 1315 1331; x_wconf 91' lang='lat' dir='ltr'>in</span> <span class='ocrx_word' id='word_1_167' title='bbox 1339 1290 1640 1342; x_wconf 86' lang='lat' dir='ltr'>corporalibus</span> 
     </span>
     <span class='ocr_line' id='line_1_19' title="bbox 102 1360 1637 1411; baseline -0.001 -11"><span class='ocrx_word' id='word_1_168' title='bbox 102 1360 246 1402; x_wconf 90' lang='lat' dir='ltr'>locum</span> <span class='ocrx_word' id='word_1_169' title='bbox 269 1361 432 1402; x_wconf 88' lang='lat' dir='ltr'>habent</span> <span class='ocrx_word' id='word_1_170' title='bbox 451 1376 460 1411; x_wconf 86' lang='lat'>;</span> <span class='ocrx_word' id='word_1_171' title='bbox 492 1368 534 1402; x_wconf 93' lang='lat' dir='ltr'>et</span> <span class='ocrx_word' id='word_1_172' title='bbox 553 1362 614 1402; x_wconf 90' lang='lat' dir='ltr'>sic</span> <span class='ocrx_word' id='word_1_173' title='bbox 631 1362 685 1401; x_wconf 92' lang='lat' dir='ltr'>de</span> <span class='ocrx_word' id='word_1_174' title='bbox 708 1361 885 1402; x_wconf 82' lang='lat' dir='ltr'>infinitis</span> <span class='ocrx_word' id='word_1_175' title='bbox 907 1361 1127 1402; x_wconf 86' lang='lat' dir='ltr'>attributis</span> <span class='ocrx_word' id='word_1_176' title='bbox 1150 1360 1243 1401; x_wconf 89' lang='lat' dir='ltr'>aliis</span> <span class='ocrx_word' id='word_1_177' title='bbox 1262 1360 1374 1409; x_wconf 82' lang='lat' dir='ltr'>Deo,</span> <span class='ocrx_word' id='word_1_178' title='bbox 1396 1360 1637 1400; x_wconf 89' lang='lat' dir='ltr'>secundum</span> 
     </span>
     <span class='ocr_line' id='line_1_20' title="bbox 100 1428 1635 1482; baseline -0.001 -13"><span class='ocrx_word' id='word_1_179' title='bbox 100 1442 320 1470; x_wconf 88' lang='lat' dir='ltr'>sermones</span> <span class='ocrx_word' id='word_1_180' title='bbox 336 1429 537 1482; x_wconf 86' lang='lat' dir='ltr'>vulgatos</span> <span class='ocrx_word' id='word_1_181' title='bbox 555 1430 610 1470; x_wconf 92' lang='lat' dir='ltr'>de</span> <span class='ocrx_word' id='word_1_182' title='bbox 627 1429 925 1482; x_wconf 87' lang='lat' dir='ltr'>corporalibus</span> <span class='ocrx_word' id='word_1_183' title='bbox 944 1443 951 1479; x_wconf 86' lang='lat'>;</span> <span class='ocrx_word' id='word_1_184' title='bbox 974 1443 1059 1481; x_wconf 90' lang='lat' dir='ltr'>que</span> <span class='ocrx_word' id='word_1_185' title='bbox 1075 1429 1201 1469; x_wconf 91' lang='lat' dir='ltr'>aliter</span> <span class='ocrx_word' id='word_1_186' title='bbox 1219 1428 1503 1481; x_wconf 90' lang='lat' dir='ltr'>intelligenda</span> <span class='ocrx_word' id='word_1_187' title='bbox 1524 1434 1635 1468; x_wconf 86' lang='lat' dir='ltr'>sunt.</span> 
     </span>
     <span class='ocr_line' id='line_1_21' title="bbox 45 1496 1637 1551; baseline -0.002 -13"><span class='ocrx_word' id='word_1_188' title='bbox 45 1508 84 1529; x_wconf 92' lang='lat'>20</span> <span class='ocrx_word' id='word_1_189' title='bbox 161 1497 371 1539; x_wconf 84' lang='lat' dir='ltr'>Similiter</span> <span class='ocrx_word' id='word_1_190' title='bbox 401 1512 504 1538; x_wconf 87' lang='lat' dir='ltr'>vero</span> <span class='ocrx_word' id='word_1_191' title='bbox 536 1504 601 1539; x_wconf 91' lang='lat' dir='ltr'>est</span> <span class='ocrx_word' id='word_1_192' title='bbox 635 1499 688 1539; x_wconf 92' lang='lat' dir='ltr'>de</span> <span class='ocrx_word' id='word_1_193' title='bbox 719 1498 900 1551; x_wconf 81' lang='lat' dir='ltr'>angelis,</span> <span class='ocrx_word' id='word_1_194' title='bbox 933 1498 1051 1551; x_wconf 91' lang='lat' dir='ltr'>quod</span> <span class='ocrx_word' id='word_1_195' title='bbox 1086 1496 1225 1538; x_wconf 88' lang='lat' dir='ltr'>multa</span> <span class='ocrx_word' id='word_1_196' title='bbox 1257 1496 1476 1549; x_wconf 91' lang='lat' dir='ltr'>loquimur</span> <span class='ocrx_word' id='word_1_197' title='bbox 1497 1497 1552 1536; x_wconf 92' lang='lat' dir='ltr'>de</span> <span class='ocrx_word' id='word_1_198' title='bbox 1575 1496 1637 1535; x_wconf 89' lang='lat' dir='ltr'>eis</span> 
     </span>
     <span class='ocr_line' id='line_1_22' title="bbox 101 1563 1639 1620; baseline -0.003 -12"><span class='ocrx_word' id='word_1_199' title='bbox 101 1567 340 1608; x_wconf 89' lang='lat' dir='ltr'>secundum</span> <span class='ocrx_word' id='word_1_200' title='bbox 373 1567 680 1608; x_wconf 86' lang='lat' dir='ltr'>similitudines</span> <span class='ocrx_word' id='word_1_201' title='bbox 711 1567 921 1620; x_wconf 89' lang='lat' dir='ltr'>loquendi</span> <span class='ocrx_word' id='word_1_202' title='bbox 960 1567 1003 1607; x_wconf 88' lang='lat' dir='ltr'>in</span> <span class='ocrx_word' id='word_1_203' title='bbox 1035 1565 1362 1618; x_wconf 86' lang='lat' dir='ltr'>corporalibus;</span> <span class='ocrx_word' id='word_1_204' title='bbox 1405 1564 1507 1616; x_wconf 89' lang='lat' dir='ltr'>quia</span> <span class='ocrx_word' id='word_1_205' title='bbox 1541 1563 1639 1604; x_wconf 87' lang='lat' dir='ltr'>talis</span> 
     </span>
     <span class='ocr_line' id='line_1_23' title="bbox 102 1632 1638 1688; baseline -0.004 -11"><span class='ocrx_word' id='word_1_206' title='bbox 102 1637 259 1677; x_wconf 89' lang='lat' dir='ltr'>modus</span> <span class='ocrx_word' id='word_1_207' title='bbox 291 1635 497 1687; x_wconf 91' lang='lat' dir='ltr'>loquendi</span> <span class='ocrx_word' id='word_1_208' title='bbox 529 1641 594 1675; x_wconf 91' lang='lat' dir='ltr'>est</span> <span class='ocrx_word' id='word_1_209' title='bbox 617 1636 818 1688; x_wconf 91' lang='lat' dir='ltr'>proprius</span> <span class='ocrx_word' id='word_1_210' title='bbox 841 1634 1079 1676; x_wconf 89' lang='lat' dir='ltr'>intellectui</span> <span class='ocrx_word' id='word_1_211' title='bbox 1104 1639 1266 1681; x_wconf 86' lang='lat' dir='ltr'>nostro,</span> <span class='ocrx_word' id='word_1_212' title='bbox 1289 1634 1363 1685; x_wconf 87' lang='lat' dir='ltr'>qui</span> <span class='ocrx_word' id='word_1_213' title='bbox 1396 1632 1638 1685; x_wconf 81' lang='lat' dir='ltr'>corporalia</span> 
     </span>
     <span class='ocr_line' id='line_1_24' title="bbox 102 1701 1637 1757; baseline -0.003 -13"><span class='ocrx_word' id='word_1_214' title='bbox 102 1717 189 1745; x_wconf 91' lang='lat' dir='ltr'>non</span> <span class='ocrx_word' id='word_1_215' title='bbox 221 1704 500 1753; x_wconf 87' lang='lat' dir='ltr'>transcendit,</span> <span class='ocrx_word' id='word_1_216' title='bbox 538 1704 679 1757; x_wconf 91' lang='lat' dir='ltr'>primo</span> <span class='ocrx_word' id='word_1_217' title='bbox 708 1710 887 1756; x_wconf 87' lang='lat' dir='ltr'>aspectu</span> <span class='ocrx_word' id='word_1_218' title='bbox 920 1710 964 1744; x_wconf 93' lang='lat' dir='ltr'>et</span> <span class='ocrx_word' id='word_1_219' title='bbox 996 1702 1222 1755; x_wconf 90' lang='lat' dir='ltr'>principali</span> <span class='ocrx_word' id='word_1_220' title='bbox 1256 1702 1414 1742; x_wconf 88' lang='lat' dir='ltr'>mentis</span> <span class='ocrx_word' id='word_1_221' title='bbox 1448 1701 1637 1747; x_wconf 88' lang='lat' dir='ltr'>intuitu;</span> 
     </span>
     <span class='ocr_line' id='line_1_25' title="bbox 101 1768 1636 1825; baseline -0.003 -13"><span class='ocrx_word' id='word_1_222' title='bbox 101 1773 199 1813; x_wconf 92' lang='lat' dir='ltr'>licet</span> <span class='ocrx_word' id='word_1_223' title='bbox 231 1785 289 1812; x_wconf 85' lang='lat' dir='ltr'>ex</span> <span class='ocrx_word' id='word_1_224' title='bbox 321 1773 603 1824; x_wconf 90' lang='lat' dir='ltr'>consequenti</span> <span class='ocrx_word' id='word_1_225' title='bbox 636 1785 712 1825; x_wconf 91' lang='lat' dir='ltr'>per</span> <span class='ocrx_word' id='word_1_226' title='bbox 744 1771 999 1825; x_wconf 87' lang='lat' dir='ltr'>corporalia,</span> <span class='ocrx_word' id='word_1_227' title='bbox 1021 1784 1107 1823; x_wconf 91' lang='lat' dir='ltr'>que</span> <span class='ocrx_word' id='word_1_228' title='bbox 1139 1776 1239 1811; x_wconf 92' lang='lat' dir='ltr'>sunt</span> <span class='ocrx_word' id='word_1_229' title='bbox 1272 1768 1452 1810; x_wconf 86' lang='lat' dir='ltr'>effectus</span> <span class='ocrx_word' id='word_1_230' title='bbox 1485 1775 1529 1810; x_wconf 94' lang='lat' dir='ltr'>et</span> <span class='ocrx_word' id='word_1_231' title='bbox 1552 1769 1636 1821; x_wconf 88' lang='lat' dir='ltr'>pri-</span> 
     </span>
     <span class='ocr_line' id='line_1_26' title="bbox 44 1837 1636 1894; baseline -0.003 -13"><span class='ocrx_word' id='word_1_232' title='bbox 44 1854 81 1888; x_wconf 84' lang='lat'>25</span> <span class='ocrx_word' id='word_1_233' title='bbox 101 1841 303 1881; x_wconf 88' lang='lat' dir='ltr'>vaciones</span> <span class='ocrx_word' id='word_1_234' title='bbox 346 1840 649 1894; x_wconf 86' lang='lat' dir='ltr'>spiritualium,</span> <span class='ocrx_word' id='word_1_235' title='bbox 693 1841 950 1881; x_wconf 88' lang='lat' dir='ltr'>devenimus</span> <span class='ocrx_word' id='word_1_236' title='bbox 991 1840 1061 1879; x_wconf 86' lang='lat' dir='ltr'>via</span> <span class='ocrx_word' id='word_1_237' title='bbox 1092 1839 1302 1891; x_wconf 89' lang='lat' dir='ltr'>arguendi</span> <span class='ocrx_word' id='word_1_238' title='bbox 1337 1839 1378 1877; x_wconf 92' lang='lat' dir='ltr'>in</span> <span class='ocrx_word' id='word_1_239' title='bbox 1424 1837 1636 1889; x_wconf 88' lang='lat' dir='ltr'>aliquales</span> 
     </span>
     <span class='ocr_line' id='line_1_27' title="bbox 101 1906 1635 1961; baseline -0.003 -12"><span class='ocrx_word' id='word_1_240' title='bbox 101 1909 375 1961; x_wconf 88' lang='lat' dir='ltr'>cogniciones</span> <span class='ocrx_word' id='word_1_241' title='bbox 397 1908 716 1961; x_wconf 87' lang='lat' dir='ltr'>spiritualium;</span> <span class='ocrx_word' id='word_1_242' title='bbox 751 1914 794 1948; x_wconf 92' lang='lat' dir='ltr'>et</span> <span class='ocrx_word' id='word_1_243' title='bbox 816 1908 1021 1961; x_wconf 90' lang='lat' dir='ltr'>precipue</span> <span class='ocrx_word' id='word_1_244' title='bbox 1043 1913 1258 1960; x_wconf 89' lang='lat' dir='ltr'>quantum</span> <span class='ocrx_word' id='word_1_245' title='bbox 1281 1907 1337 1947; x_wconf 92' lang='lat' dir='ltr'>ad</span> <span class='ocrx_word' id='word_1_246' title='bbox 1360 1906 1635 1959; x_wconf 87' lang='lat' dir='ltr'>questionem</span> 
     </span>
     <span class='ocr_line' id='line_1_28' title="bbox 100 1976 1636 2029; baseline -0.003 -12"><span class='ocrx_word' id='word_1_247' title='bbox 100 1990 155 2017; x_wconf 89' lang='lat' dir='ltr'>an</span> <span class='ocrx_word' id='word_1_248' title='bbox 193 1978 278 2017; x_wconf 89' lang='lat' dir='ltr'>sint</span> <span class='ocrx_word' id='word_1_249' title='bbox 311 1982 354 2017; x_wconf 89' lang='lat' dir='ltr'>et</span> <span class='ocrx_word' id='word_1_250' title='bbox 387 1977 492 2029; x_wconf 91' lang='lat' dir='ltr'>quid</span> <span class='ocrx_word' id='word_1_251' title='bbox 526 1977 623 2017; x_wconf 89' lang='lat' dir='ltr'>sint.</span> <span class='ocrx_word' id='word_1_252' title='bbox 686 1976 802 2029; x_wconf 77' lang='lat' dir='ltr'>Quia</span> <span class='ocrx_word' id='word_1_253' title='bbox 838 1977 999 2016; x_wconf 86' lang='lat' dir='ltr'>scimus</span> <span class='ocrx_word' id='word_1_254' title='bbox 1035 1976 1153 2028; x_wconf 91' lang='lat' dir='ltr'>quod</span> <span class='ocrx_word' id='word_1_255' title='bbox 1190 1976 1311 2015; x_wconf 89' lang='lat' dir='ltr'>Deus</span> <span class='ocrx_word' id='word_1_256' title='bbox 1348 1980 1424 2024; x_wconf 87' lang='lat' dir='ltr'>est,</span> <span class='ocrx_word' id='word_1_257' title='bbox 1456 1980 1636 2027; x_wconf 88' lang='lat' dir='ltr'>propter</span> 
     </span>
     <span class='ocr_line' id='line_1_29' title="bbox 100 2043 1633 2097; baseline -0.002 -12"><span class='ocrx_word' id='word_1_258' title='bbox 100 2045 371 2086; x_wconf 89' lang='lat' dir='ltr'>creacionem</span> <span class='ocrx_word' id='word_1_259' title='bbox 387 2050 429 2084; x_wconf 88' lang='lat' dir='ltr'>et</span> <span class='ocrx_word' id='word_1_260' title='bbox 446 2045 812 2097; x_wconf 81' lang='lat' dir='ltr'>gubernacionem</span> <span class='ocrx_word' id='word_1_261' title='bbox 833 2045 1003 2095; x_wconf 90' lang='lat' dir='ltr'>mundi;</span> <span class='ocrx_word' id='word_1_262' title='bbox 1037 2050 1079 2084; x_wconf 93' lang='lat' dir='ltr'>et</span> <span class='ocrx_word' id='word_1_263' title='bbox 1102 2044 1261 2084; x_wconf 89' lang='lat' dir='ltr'>scimus</span> <span class='ocrx_word' id='word_1_264' title='bbox 1279 2043 1397 2096; x_wconf 91' lang='lat' dir='ltr'>quod</span> <span class='ocrx_word' id='word_1_265' title='bbox 1420 2049 1486 2083; x_wconf 91' lang='lat' dir='ltr'>est</span> <span class='ocrx_word' id='word_1_266' title='bbox 1509 2055 1633 2091; x_wconf 83' lang='lat' dir='ltr'>unus,</span> 
     </span>
     <span class='ocr_line' id='line_1_30' title="bbox 101 2112 1634 2166; baseline -0.002 -12"><span class='ocrx_word' id='word_1_267' title='bbox 101 2113 202 2166; x_wconf 90' lang='lat' dir='ltr'>quia</span> <span class='ocrx_word' id='word_1_268' title='bbox 229 2125 339 2153; x_wconf 91' lang='lat' dir='ltr'>unus</span> <span class='ocrx_word' id='word_1_269' title='bbox 368 2119 433 2153; x_wconf 91' lang='lat' dir='ltr'>est</span> <span class='ocrx_word' id='word_1_270' title='bbox 464 2114 666 2153; x_wconf 87' lang='lat' dir='ltr'>mundus.</span> <span class='ocrx_word' id='word_1_271' title='bbox 730 2114 788 2154; x_wconf 88' lang='lat' dir='ltr'>Et</span> <span class='ocrx_word' id='word_1_272' title='bbox 819 2126 896 2166; x_wconf 92' lang='lat' dir='ltr'>per</span> <span class='ocrx_word' id='word_1_273' title='bbox 918 2120 1063 2153; x_wconf 91' lang='lat' dir='ltr'>motus</span> <span class='ocrx_word' id='word_1_274' title='bbox 1093 2112 1296 2159; x_wconf 91' lang='lat' dir='ltr'>celorum,</span> <span class='ocrx_word' id='word_1_275' title='bbox 1319 2112 1392 2164; x_wconf 87' lang='lat' dir='ltr'>qui</span> <span class='ocrx_word' id='word_1_276' title='bbox 1415 2125 1503 2152; x_wconf 94' lang='lat' dir='ltr'>non</span> <span class='ocrx_word' id='word_1_277' title='bbox 1531 2118 1634 2151; x_wconf 90' lang='lat' dir='ltr'>sunt</span> 
     </span>
     <span class='ocr_line' id='line_1_31' title="bbox 40 2179 1635 2232; baseline -0.003 -8"><span class='ocrx_word' id='word_1_278' title='bbox 40 2195 82 2224; x_wconf 82' lang='lat'>30</span> <span class='ocrx_word' id='word_1_279' title='bbox 102 2181 334 2228; x_wconf 80' lang='lat' dir='ltr'>naturales,</span> <span class='ocrx_word' id='word_1_280' title='bbox 367 2194 445 2222; x_wconf 89' lang='lat' dir='ltr'>nec</span> <span class='ocrx_word' id='word_1_281' title='bbox 478 2180 668 2230; x_wconf 88' lang='lat' dir='ltr'>violenti,</span> <span class='ocrx_word' id='word_1_282' title='bbox 703 2182 780 2222; x_wconf 90' lang='lat' dir='ltr'>sed</span> <span class='ocrx_word' id='word_1_283' title='bbox 818 2181 1063 2229; x_wconf 87' lang='lat' dir='ltr'>voluntarii,</span> <span class='ocrx_word' id='word_1_284' title='bbox 1098 2180 1256 2221; x_wconf 89' lang='lat' dir='ltr'>scimus</span> <span class='ocrx_word' id='word_1_285' title='bbox 1287 2180 1405 2232; x_wconf 91' lang='lat' dir='ltr'>quod</span> <span class='ocrx_word' id='word_1_286' title='bbox 1440 2179 1635 2232; x_wconf 88' lang='lat' dir='ltr'>angelica</span> 
     </span>
     <span class='ocr_line' id='line_1_32' title="bbox 100 2248 1633 2302; baseline -0.001 -13"><span class='ocrx_word' id='word_1_287' title='bbox 100 2257 255 2291; x_wconf 89' lang='lat' dir='ltr'>natura</span> <span class='ocrx_word' id='word_1_288' title='bbox 288 2255 354 2290; x_wconf 88' lang='lat' dir='ltr'>est</span> <span class='ocrx_word' id='word_1_289' title='bbox 392 2262 477 2302; x_wconf 91' lang='lat' dir='ltr'>que</span> <span class='ocrx_word' id='word_1_290' title='bbox 514 2255 660 2290; x_wconf 85' lang='lat' dir='ltr'>movet</span> <span class='ocrx_word' id='word_1_291' title='bbox 696 2249 842 2299; x_wconf 91' lang='lat' dir='ltr'>celos;</span> <span class='ocrx_word' id='word_1_292' title='bbox 880 2256 924 2290; x_wconf 91' lang='lat' dir='ltr'>et</span> <span class='ocrx_word' id='word_1_293' title='bbox 957 2249 1060 2301; x_wconf 91' lang='lat' dir='ltr'>quia</span> <span class='ocrx_word' id='word_1_294' title='bbox 1092 2255 1193 2289; x_wconf 89' lang='lat' dir='ltr'>sunt</span> <span class='ocrx_word' id='word_1_295' title='bbox 1225 2248 1459 2300; x_wconf 82' lang='lat' dir='ltr'>sexaginta</span> <span class='ocrx_word' id='word_1_296' title='bbox 1489 2254 1633 2288; x_wconf 88' lang='lat' dir='ltr'>motus</span> 
     </span>
     <span class='ocr_line' id='line_1_33' title="bbox 98 2316 1632 2370; baseline 0 -13"><span class='ocrx_word' id='word_1_297' title='bbox 98 2318 338 2358; x_wconf 89' lang='lat' dir='ltr'>secundum</span> <span class='ocrx_word' id='word_1_298' title='bbox 352 2316 653 2368; x_wconf 84' lang='lat' dir='ltr'>Aristotelem,</span> <span class='ocrx_word' id='word_1_299' title='bbox 671 2318 713 2357; x_wconf 88' lang='lat' dir='ltr'>in</span> <span class='ocrx_word' id='word_1_300' title='bbox 737 2317 969 2358; x_wconf 87' lang='lat' dir='ltr'>undecimo</span> <span class='ocrx_word' id='word_1_301' title='bbox 990 2316 1312 2370; x_wconf 64' lang='lat' dir='ltr'>Methaplzz&#39;sz&#39;ce,</span> <span class='ocrx_word' id='word_1_302' title='bbox 1333 2317 1493 2357; x_wconf 90' lang='lat' dir='ltr'>scimus</span> <span class='ocrx_word' id='word_1_303' title='bbox 1515 2317 1632 2368; x_wconf 89' lang='lat' dir='ltr'>quod</span> 
     </span>
    </p>
   </div>
   <div class='ocr_carea' id='block_1_3' title="bbox 0 368 5 1220">
    <p class='ocr_par' dir='ltr' id='par_1_3' title="bbox 0 368 5 1220">
     <span class='ocr_line' id='line_1_34' title="bbox 0 368 5 1220; baseline 0 0"><span class='ocrx_word' id='word_1_304' title='bbox 0 368 5 1220; x_wconf 95' lang='lat' dir='ltr'> </span> 
     </span>
    </p>
   </div>
   <div class='ocr_carea' id='block_1_4' title="bbox 100 2436 1630 2530">
    <p class='ocr_par' dir='ltr' id='par_1_4' title="bbox 100 2436 1630 2530">
     <span class='ocr_line' id='line_1_35' title="bbox 143 2436 1630 2478; baseline -0.002 -8"><span class='ocrx_word' id='word_1_305' title='bbox 143 2450 162 2470; x_wconf 89' lang='lat'><strong>2</strong></span> <span class='ocrx_word' id='word_1_306' title='bbox 186 2441 231 2470; x_wconf 83' lang='lat' dir='ltr'>de</span> <span class='ocrx_word' id='word_1_307' title='bbox 249 2440 435 2470; x_wconf 84' lang='lat' dir='ltr'>Memoria</span> <span class='ocrx_word' id='word_1_308' title='bbox 450 2442 488 2470; x_wconf 70' lang='lat' dir='ltr'>et,</span> <span class='ocrx_word' id='word_1_309' title='bbox 505 2436 820 2478; x_wconf 77' lang='lat' dir='ltr'>Reminiscencia]</span> <span class='ocrx_word' id='word_1_310' title='bbox 840 2446 870 2467; x_wconf 88' lang='lat' dir='ltr'>e.</span> <span class='ocrx_word' id='word_1_311' title='bbox 891 2445 918 2468; x_wconf 83' lang='lat'>1.</span> <span class='ocrx_word' id='word_1_312' title='bbox 1065 2445 1108 2475; x_wconf 81' lang='lat'>32</span> <span class='ocrx_word' id='word_1_313' title='bbox 1133 2436 1422 2476; x_wconf 77' lang='lat' dir='ltr'>Methaphisiee]</span> <span class='ocrx_word' id='word_1_314' title='bbox 1441 2446 1500 2466; x_wconf 88' lang='lat' dir='ltr'>see</span> <span class='ocrx_word' id='word_1_315' title='bbox 1516 2436 1538 2467; x_wconf 86' lang='lat' dir='ltr'>f.</span> <span class='ocrx_word' id='word_1_316' title='bbox 1560 2445 1630 2474; x_wconf 88' lang='lat'><em>117.</em></span> 
     </span>
     <span class='ocr_line' id='line_1_36' title="bbox 100 2491 366 2530; baseline -0.004 -9"><span class='ocrx_word' id='word_1_317' title='bbox 100 2491 129 2521; x_wconf 92' lang='lat' dir='ltr'>b.</span> <span class='ocrx_word' id='word_1_318' title='bbox 149 2501 178 2530; x_wconf 83' lang='lat'>2,</span> <span class='ocrx_word' id='word_1_319' title='bbox 199 2491 250 2520; x_wconf 92' lang='lat' dir='ltr'>ed.</span> <span class='ocrx_word' id='word_1_320' title='bbox 274 2491 366 2529; x_wconf 86' lang='lat'>1496.</span> 
     </span>
    </p>
   </div>
   <div class='ocr_carea' id='block_1_5' title="bbox 97 2585 1639 2835">
    <p class='ocr_par' dir='ltr' id='par_1_5' title="bbox 142 2585 1639 2630">
     <span class='ocr_line' id='line_1_37' title="bbox 142 2585 1639 2630; baseline -0.003 -9"><span class='ocrx_word' id='word_1_321' title='bbox 142 2601 161 2620; x_wconf 81' lang='lat'><strong>2</strong></span> <span class='ocrx_word' id='word_1_322' title='bbox 188 2589 364 2630; x_wconf 88' lang='lat' dir='ltr'>continuo]</span> <span class='ocrx_word' id='word_1_323' title='bbox 384 2600 410 2620; x_wconf 86' lang='lat' dir='ltr'>c.</span> <span class='ocrx_word' id='word_1_324' title='bbox 432 2594 466 2619; x_wconf 86' lang='lat' dir='ltr'>et</span> <span class='ocrx_word' id='word_1_325' title='bbox 483 2593 636 2628; x_wconf 88' lang='lat' dir='ltr'>tempore</span> <span class='ocrx_word' id='word_1_326' title='bbox 654 2589 687 2618; x_wconf 88' lang='lat' dir='ltr'><em>F</em></span> <span class='ocrx_word' id='word_1_327' title='bbox 765 2597 785 2627; x_wconf 85' lang='lat'>3</span> <span class='ocrx_word' id='word_1_328' title='bbox 808 2586 1035 2627; x_wconf 83' lang='lat' dir='ltr'>transcendit]</span> <span class='ocrx_word' id='word_1_329' title='bbox 1056 2586 1208 2626; x_wconf 90' lang='lat' dir='ltr'>procedit</span> <span class='ocrx_word' id='word_1_330' title='bbox 1224 2585 1257 2615; x_wconf 90' lang='lat' dir='ltr'><em>F</em></span> <span class='ocrx_word' id='word_1_331' title='bbox 1335 2587 1356 2616; x_wconf 89' lang='lat'><strong>6</strong></span> <span class='ocrx_word' id='word_1_332' title='bbox 1379 2586 1434 2616; x_wconf 80' lang='lat' dir='ltr'>all.</span> <span class='ocrx_word' id='word_1_333' title='bbox 1457 2585 1533 2626; x_wconf 86' lang='lat' dir='ltr'>aut]</span> <span class='ocrx_word' id='word_1_334' title='bbox 1551 2596 1588 2616; x_wconf 87' lang='lat' dir='ltr'>ac</span> <span class='ocrx_word' id='word_1_335' title='bbox 1606 2586 1639 2616; x_wconf 88' lang='lat' dir='ltr'><em>F</em></span> 
     </span>
    </p>

    <p class='ocr_par' dir='ltr' id='par_1_6' title="bbox 99 2636 1631 2681">
     <span class='ocr_line' id='line_1_38' title="bbox 99 2636 1631 2681; baseline -0.004 -9"><span class='ocrx_word' id='word_1_336' title='bbox 99 2652 120 2680; x_wconf 91' lang='lat'><strong>9</strong></span> <span class='ocrx_word' id='word_1_337' title='bbox 144 2640 359 2681; x_wconf 86' lang='lat' dir='ltr'>corporibus]</span> <span class='ocrx_word' id='word_1_338' title='bbox 377 2640 610 2679; x_wconf 87' lang='lat' dir='ltr'>corporalibus</span> <span class='ocrx_word' id='word_1_339' title='bbox 628 2639 660 2669; x_wconf 88' lang='lat' dir='ltr'><em>F</em></span> <span class='ocrx_word' id='word_1_340' title='bbox 799 2649 838 2678; x_wconf 90' lang='lat'>19</span> <span class='ocrx_word' id='word_1_341' title='bbox 864 2637 1111 2678; x_wconf 85' lang='lat' dir='ltr'>corporalibus]</span> <span class='ocrx_word' id='word_1_342' title='bbox 1129 2636 1330 2677; x_wconf 85' lang='lat' dir='ltr'>corporibus</span> <span class='ocrx_word' id='word_1_343' title='bbox 1346 2637 1379 2666; x_wconf 89' lang='lat' dir='ltr'><em>F</em></span> <span class='ocrx_word' id='word_1_344' title='bbox 1522 2647 1563 2676; x_wconf 84' lang='lat'>25</span> <span class='ocrx_word' id='word_1_345' title='bbox 1580 2647 1631 2667; x_wconf 88' lang='lat' dir='ltr'>ar·-</span> 
     </span>
    </p>

    <p class='ocr_par' dir='ltr' id='par_1_7' title="bbox 97 2688 1630 2784">
     <span class='ocr_line' id='line_1_39' title="bbox 98 2688 1630 2733; baseline -0.003 -10"><span class='ocrx_word' id='word_1_346' title='bbox 98 2692 240 2733; x_wconf 87' lang='lat' dir='ltr'>guendi]</span> <span class='ocrx_word' id='word_1_347' title='bbox 272 2692 532 2731; x_wconf 83' lang='lat' dir='ltr'>argumentandi</span> <span class='ocrx_word' id='word_1_348' title='bbox 562 2692 595 2721; x_wconf 90' lang='lat' dir='ltr'><em>F</em></span> <span class='ocrx_word' id='word_1_349' title='bbox 765 2690 930 2729; x_wconf 86' lang='lat' dir='ltr'>aliquales</span> <span class='ocrx_word' id='word_1_350' title='bbox 961 2688 1197 2729; x_wconf 87' lang='lat' dir='ltr'>cogniciones]</span> <span class='ocrx_word' id='word_1_351' title='bbox 1229 2688 1475 2719; x_wconf 85' lang='lat' dir='ltr'>substanciales</span> <span class='ocrx_word' id='word_1_352' title='bbox 1503 2689 1630 2727; x_wconf 85' lang='lat' dir='ltr'>cogita—</span> 
     </span>
     <span class='ocr_line' id='line_1_40' title="bbox 97 2739 1370 2784; baseline -0.005 -10"><span class='ocrx_word' id='word_1_353' title='bbox 97 2745 214 2775; x_wconf 87' lang='lat' dir='ltr'>ciones</span> <span class='ocrx_word' id='word_1_354' title='bbox 229 2744 262 2773; x_wconf 91' lang='lat' dir='ltr'><em>F</em></span> <span class='ocrx_word' id='word_1_355' title='bbox 390 2753 429 2782; x_wconf 84' lang='lat'>27</span> <span class='ocrx_word' id='word_1_356' title='bbox 453 2743 547 2784; x_wconf 88' lang='lat' dir='ltr'>quid]</span> <span class='ocrx_word' id='word_1_357' title='bbox 566 2747 647 2782; x_wconf 87' lang='lat' dir='ltr'>quot</span> <span class='ocrx_word' id='word_1_358' title='bbox 663 2741 721 2772; x_wconf 80' lang='lat' dir='ltr'>FB</span> <span class='ocrx_word' id='word_1_359' title='bbox 854 2751 895 2779; x_wconf 84' lang='lat'>30</span> <span class='ocrx_word' id='word_1_360' title='bbox 919 2740 1115 2781; x_wconf 80' lang='lat' dir='ltr'>voluntarii]</span> <span class='ocrx_word' id='word_1_361' title='bbox 1131 2739 1319 2772; x_wconf 83' lang='lat' dir='ltr'>violentarii</span> <span class='ocrx_word' id='word_1_362' title='bbox 1335 2739 1370 2769; x_wconf 88' lang='lat' dir='ltr'><em>D</em></span> 
     </span>
    </p>

    <p class='ocr_par' dir='ltr' id='par_1_8' title="bbox 827 2807 901 2835">
     <span class='ocr_line' id='line_1_41' title="bbox 827 2807 901 2835; baseline 0 0"><span class='ocrx_word' id='word_1_363' title='bbox 827 2807 855 2835; x_wconf 65' lang='lat'>1&lt;</span> <span class='ocrx_word' id='word_1_364' title='bbox 883 2809 901 2828; x_wconf 67' lang='lat'>0</span> 
     </span>
    </p>
   </div>
   <div class='ocr_carea' id='block_1_6' title="bbox 884 2827 903 2836">
    <p class='ocr_par' dir='ltr' id='par_1_9' title="bbox 884 2827 903 2836">
     <span class='ocr_line' id='line_1_42' title="bbox 884 2827 903 2836; baseline 0 0"><span class='ocrx_word' id='word_1_365' title='bbox 884 2827 903 2836; x_wconf 55' lang='lat' dir='ltr'><em>a</em></span> 
     </span>
    </p>
   </div>
  </div>
 </body>
</html>
