1898 3126
82 1966 124 1994 Ῑ).
146 1964 232 2004 701),

978 111 1061 158 264

254 225 369 277 prior
392 223 567 264 deficiat
590 222 850 263 adveniente
868 220 1111 274 posteriori,
1131 221 1233 273 quia
1256 220 1340 261 hoc
1363 226 1429 261 est
1451 219 1506 260 de
1528 218 1788 260 condicione

254 293 319 333 sui
337 306 431 333 esse
445 298 487 332 et
502 305 578 332 sue
596 290 907 345 genelacionis,
927 296 968 329 et
988 289 1087 329 ideo
1105 289 1268 329 desicio
1287 288 1380 341 ejus
1398 295 1441 329 et
1455 288 1683 341 corrupcio
1700 300 1787 330 non

254 367 354 402 sunt
369 361 449 401 nisi
466 361 508 400 in
523 360 714 407 instanti⁷
730 359 848 412 quod
865 364 931 399 est
949 358 1044 398 finis
1062 357 1275 410 temporis
1292 357 1583 398 mensurantis
1602 363 1786 398 motum.

318 485 564 541 Capitulum
588 488 655 526 6¹³¹.
707 485 757 526 de
787 484 1082 538 reprobacsmzc
1109 484 1318 536 opinionis
1346 484 1470 524 tercie
1491 482 1606 523 circa
1626 483 1787 524 exilum

256 569 402 596 rernm
427 555 471 595 in
493 569 592 595 csse.
1808 558 1826 589 5

315 646 361 688 Si
406 646 537 700 igitur
578 645 724 685 omnia
767 644 962 698 predicta
1006 650 1103 683 sunt
1145 656 1257 692 vera,
1300 649 1404 684 tunc
1447 643 1580 683 tercia
1622 643 1787 696 posicio

254 714 503 767 principalis
539 714 581 753 in
619 714 742 754 exitu
781 727 924 754 rerum
955 713 998 752 in
1039 725 1144 760 esse,
1187 725 1283 764 que,
1320 711 1495 762 scilicet,
1537 712 1662 764 ponit
1700 713 1787 753 duo

254 783 465 823 instancia
487 782 658 823 diversa
682 781 993 834 respondencia
1011 780 1263 821 existenciis
1284 781 1569 821 terminorum
1587 795 1613 822 a
1634 794 1723 833 quo
1746 788 1786 821 et

253 852 307 892 ad
330 865 473 904 quem,
503 864 589 891 non
613 856 758 903 potest
789 856 921 904 stare..
992 849 1214 902 Quoniam
1238 854 1315 890 aut
1344 855 1521 901 oportet
1542 850 1786 902 ymaginati

254 921 372 973 quod
414 926 590 973 tempus
634 918 933 971 generacionis
976 925 1019 959 et
1063 918 1302 958 existencie
1344 918 1517 958 termini
1559 918 1614 958 ad
1654 931 1785 971 quem
1812 939 1849 960 10

254 994 461 1041 sequatur
489 994 664 1041 tempus
693 987 990 1041 corrupcionis
1022 987 1196 1027 termini
1231 1000 1255 1027 a
1284 999 1386 1038 quo,
1408 985 1449 1025 in
1476 1000 1564 1039 quo
1589 993 1787 1041 tempore

252 1057 464 1097 terminus
486 1071 510 1097 a
534 1069 622 1108 quo
644 1069 818 1108 semper
839 1056 995 1096 dicitur
1022 1069 1127 1104 esse,
1151 1055 1251 1096 licet
1280 1055 1484 1096 continue
1505 1054 1693 1107 deficiat,
1712 1063 1786 1096 aut

253 1131 427 1178 oportet
449 1126 568 1178 quod
599 1125 680 1165 hec
707 1132 909 1178 tempora
940 1124 1026 1165 sint
1057 1123 1199 1164 simul.
1264 1123 1311 1164 Si
1341 1124 1484 1176 primo
1516 1125 1660 1174 modo,
1683 1131 1785 1165 tunc

252 1194 606 1235 terminabuntur
635 1207 710 1247 per
739 1195 826 1234 duo
855 1193 1029 1234 diversa
1056 1193 1278 1240 instancia,
1301 1199 1344 1233 et
1375 1198 1479 1234 tunc
1511 1192 1566 1233 sit
1596 1193 1784 1247 primum

254 1270 429 1316 tempus
451 1262 508 1312 A,
531 1269 573 1303 et
597 1262 631 1304 C
655 1263 710 1303 sit
734 1262 827 1315 ejus
851 1263 1017 1302 instans
1041 1260 1181 1309 finale,
1207 1268 1251 1302 et
1273 1261 1512 1302 secundum
1536 1267 1710 1315 tempus
1731 1262 1785 1302 sit
1810 1282 1847 1313 15

228 1362 234 1369 .
256 1332 306 1381 B,
330 1338 373 1372 et
397 1332 438 1372 D
461 1332 515 1372 sit
537 1332 629 1384 ejus
652 1331 817 1372 instans
845 1330 848 1384 Ῑ
879 1330 1057 1371 iniciale.
1111 1329 1156 1370 Si
1181 1343 1285 1382 ergo
1307 1330 1477 1370 diversa
1499 1329 1585 1370 sint
1607 1343 1786 1370 numero

208 1416 234 1436 2.
255 1401 334 1441 hec
357 1401 580 1447 instancia,
599 1400 709 1440 sicut
729 1400 816 1439 duo
838 1405 1000 1453 puncta
1029 1399 1032 1451 Ι
1062 1399 1103 1438 ἰη
1123 1398 1297 1438 diversis
1317 1398 1450 1448 lineis,
1469 1405 1512 1439 et
1533 1399 1618 1439 due
1640 1412 1787 1452 super-

256 1469 370 1510 ficies
395 1469 436 1508 in
467 1468 646 1509 diversis
669 1467 934 1520 corporibus,
958 1473 1061 1507 tunc
1086 1473 1288 1507 secuntur
1311 1467 1397 1507 duo
1419 1467 1784 1508 inconveniencia.

258 1537 406 1578 Unum
431 1543 495 1577 est
521 1537 639 1589 quod
670 1537 897 1588 corrupcio
921 1535 1163 1576 successiva
1185 1541 1260 1575 aut
1283 1535 1403 1575 nullo
1427 1535 1558 1576 modo
1581 1537 1786 1576 termina-

256 1612 383 1654 retur,
417 1611 493 1646 aut
525 1604 830 1645 terminabitur
862 1604 916 1643 ad
954 1617 1061 1649 esse,
1099 1603 1200 1656 quia
1232 1603 1343 1643 sicut
1375 1609 1550 1657 tempus
1584 1617 1784 1644 mensura
1810 1624 1852 1647 20

256 1674 370 1714 illius
402 1673 696 1727 corrupcionis
719 1686 764 1713 se
796 1673 929 1713 habet
956 1672 1011 1712 ad
1045 1685 1172 1712 suum
1199 1671 1446 1721 terminum,
1472 1672 1533 1713 sic
1563 1673 1787 1726 corrupcio

256 1743 495 1783 successiva
532 1742 587 1782 ad
625 1755 763 1781 suum.
829 1740 907 1781 Set
944 1739 1073 1780 nichil
1102 1740 1331 1793 respondet
1368 1740 1555 1780 termino
1591 1753 1671 1781 suo
1707 1741 1786 1781 nisi

255 1817 368 1851 esset
390 1810 554 1850 instans
576 1809 671 1849 finis
700 1808 909 1862 temporis
933 1809 969 1848 ei
1001 1809 1316 1862 respondentis,
1338 1815 1402 1848 set
1432 1809 1472 1848 in
1496 1809 1570 1848 illo
1593 1809 1787 1857 instanti,

257 1879 363 1920 dicit
392 1878 472 1919 hec
495 1878 657 1931 posicio
680 1879 800 1930 quod
832 1877 1044 1917 terminus
1074 1891 1098 1916 a
1121 1890 1209 1929 quo
1232 1876 1365 1917 habet
1389 1890 1494 1927 esse,
1517 1890 1620 1930 ergo
1641 1891 1785 1918 corru-

256 1947 354 2001 pcio
373 1960 460 1987 non
478 1945 782 1986 terminabitur
810 1944 814 2000 1
843 1945 922 1985 nisi
941 1945 996 1985 ad
1012 1959 1119 1985 esse.
1182 1945 1282 1984 Non
1301 1945 1416 1986 enim
1434 1945 1649 1999 contingit
1667 1947 1783 1998 quod
1808 1966 1847 1997 25

255 2015 478 2068 corrupcio
501 2014 579 2054 hec
601 2014 857 2055 terminetur
889 2014 946 2054 ad
979 2013 1145 2054 instans
1178 2013 1399 2065 sequentis
1431 2014 1653 2066 temporis,
1683 2015 1785 2067 quia

255 2084 361 2124 illud
387 2090 561 2136 tempus
583 2090 648 2124 est
671 2082 850 2123 omnino
873 2082 992 2122 aliud
1015 2095 1040 2121 a
1064 2095 1267 2122 mensura
1290 2082 1598 2136 corrupcionis,
1620 2089 1663 2123 et
1686 2083 1785 2124 ideo

254 2154 291 2192 ei
316 2153 611 2206 impertinen5‚
634 2157 678 2192 et
700 2151 796 2191 finis
825 2151 1131 2202 corrupcionis,
1153 2151 1271 2203 quod
1302 2156 1368 2191 est
1394 2157 1648 2204 corruptum
1678 2164 1786 2201 esse,

255 2235 342 2261 non
384 2227 497 2261 esset
538 2221 577 2260 ei
615 2220 871 2273 conjunctus
908 2233 957 2259 ea
1000 2220 1310 2272 conjunccione
1351 2233 1435 2271 que
1478 2220 1670 2272 exigitur
1710 2232 1786 2273 per

257 2297 471 2339 naturam,
502 2289 708 2341 quoniam
745 2288 958 2329 terminus
996 2294 1141 2328 motus
1181 2287 1461 2340 conjungitur
1492 2289 1642 2336 motui,
1676 2288 1784 2329 sicut
1807 2306 1849 2338 30

257 2358 465 2399 terminus
487 2357 696 2410 temporis
722 2357 921 2409 tempori,
952 2370 1085 2409 quare
1116 2369 1202 2397 non
1235 2362 1380 2408 potest
1407 2357 1619 2397 terminus
1642 2363 1785 2397 motus

257 2427 437 2467 inveniri
462 2427 503 2466 in
526 2425 610 2466 alio
640 2426 820 2466 instanti
851 2425 963 2465 ultra
991 2425 1225 2465 terminum
1252 2425 1462 2478 temporis
1495 2425 1785 2466 mensurantis

258 2501 439 2546 motum,
460 2494 579 2547 quod
610 2495 773 2535 instans
796 2494 849 2534 sit
872 2493 913 2533 in
936 2493 1023 2533 alio
1045 2500 1242 2546 tempore
1272 2506 1467 2533 numero.
1543 2492 1654 2534 Cum
1678 2493 1783 2533 illud

260 2564 425 2604 instans
475 2563 713 2604 secundum
766 2575 852 2602 non
897 2562 952 2602 sit
993 2561 1206 2602 terminus
1248 2561 1455 2614 temporis
1497 2561 1785 2602 mensurantis

304 2674 315 2693 1
343 2663 435 2703 quia]
454 2667 487 2693 et
504 2663 537 2692 F
795 2673 858 2702 4-5
883 2663 924 2693 de
944 2687 948 2691 .
967 2685 975 2693 .
997 2687 1003 2693 .
1025 2672 1102 2693 esse
1119 2672 1184 2692 om.
1206 2661 1240 2692 D
1258 2673 1264 2692 ε
1288 2661 1480 2701 Capitulum
1500 2686 1506 2693 .
1525 2685 1531 2692 .
1550 2685 1558 2692 .
1578 2671 1655 2692 esse
1672 2672 1738 2694 om.
1757 2661 1789 2691 F

259 2725 296 2743 12
321 2714 485 2744 terminus
501 2725 520 2744 a
536 2724 603 2753 quo
620 2724 686 2744 om.
706 2713 738 2742 F
930 2714 967 2743 18
991 2713 1041 2753 in]
1061 2714 1165 2745 eciam
1184 2713 1217 2742 F
1359 2713 1535 2754 secuntur]
1553 2717 1740 2753 sequentur
1756 2713 1789 2743 F

256 2775 298 2803 30
323 2765 487 2795 terminus
502 2775 568 2797 om.
584 2765 618 2794 F
745 2774 787 2803 32
811 2764 893 2805 alio]
911 2764 996 2796 alico
1014 2765 1046 2794 F
1174 2774 1216 2804 33
1241 2764 1322 2805 alio]
1339 2764 1424 2796 alico
1439 2764 1509 2795 DF
