1898 3126
822 122 903 166 255

101 231 217 284 Quia
249 228 513 270 Aristoteles
545 228 702 282 probat
734 227 776 267 in
802 228 847 265 6⁰
876 225 880 280 Ι
907 225 1178 266 Pllz'sicomtm
1204 227 1323 279 quod
1354 239 1484 266 omne
1512 224 1628 278 quod
1652 239 1690 272 73
1711 233 1729 262 k>
1751 243 1762 263 ι

103 305 302 340 movetur
323 298 481 351 partim
514 304 576 338 est
601 297 642 336 in
675 296 861 337 termino
883 309 909 335 a
930 308 1018 346 quo
1045 301 1089 335 et
1111 295 1270 347 partim
1295 296 1336 334 in
1360 295 1548 335 termino
1575 294 1628 334 ad

101 381 245 420 quem.
309 366 455 419 Quam
498 365 631 406 cicius
671 365 786 405 enim
829 363 991 404 amittit
1034 369 1202 415 partem
1245 364 1418 403 termini
1465 376 1490 402 a
1530 376 1631 414 quo,

102 435 254 488 recipit
296 441 465 489 partem
514 434 685 475 termini
730 433 784 473 ad
828 445 972 485 quem,
1015 444 1119 484 ergo
1162 444 1295 483 quam
1339 431 1424 471 cito
1466 430 1627 483 aliquid

66 513 82 543 5
101 504 275 544 termini
298 517 323 544 a
340 517 427 556 quo
451 502 755 556 corrumpitur,
777 508 868 542 tam
903 501 990 540 cito
1022 499 1187 552 aliquid
1218 499 1391 540 termini
1421 499 1477 538 ad
1499 511 1629 551 quem

101 579 345 625 generatur,
368 578 410 612 et
433 572 493 612 sic
515 571 568 610 de
591 570 771 622 singulis
789 570 986 623 partibus
1015 582 1177 609 eorum.
1232 567 1366 620 Ergo,
1383 568 1487 608 dum
1510 572 1631 608 totus

102 641 310 681 terminus
332 654 357 681 a
378 654 464 693 quo
479 639 781 692 corrumpitur,
799 645 1028 691 generatur
1042 644 1160 678 totus
1178 637 1388 677 terminus
1410 636 1465 676 ad
1488 648 1631 688 quem.

105 710 231 756 Item,
254 709 287 748 si
312 722 399 749 non
421 708 548 748 simul
573 708 725 748 fierent
747 706 972 759 corrupcio
991 705 1164 746 termini
1182 719 1207 745 a
1228 719 1316 758 quo
1343 711 1385 745 et
1402 703 1630 758 generacio

103 778 276 818 termini
300 778 353 817 ad
378 790 522 829 quem,
547 783 647 817 tunc
668 776 736 816 vel
757 775 986 829 generacio
1009 774 1261 828 precederet
1288 772 1632 825 corrupcionem,

46 859 84 880 10
102 846 218 899 quod
243 853 308 886 est
339 844 568 886 manifeste
593 844 762 893 salsum,
785 844 887 896 quia
907 843 1125 884 contraria
1148 849 1294 883 essent
1316 841 1443 882 simul
1467 841 1508 881 in
1531 845 1630 881 actu

103 915 145 954 in
168 915 322 954 eadem
357 914 552 963 materia,
574 913 640 953 vel
670 918 922 965 sequeretur
945 912 987 951 in
1019 911 1103 951 alio
1132 917 1330 963 tempore
1356 915 1456 962 post
1487 922 1632 950 corru-

103 983 305 1037 pcionem
338 983 510 1023 termini
542 997 566 1022 a
596 994 699 1035 qu0‚
732 994 865 1034 quare
898 980 1081 1020 materia
1111 979 1320 1021 naturalis
1353 978 1558 1019 continuo
1590 983 1632 1016 et

103 1052 343 1093 successive
365 1052 587 1092 amitteret
609 1064 741 1090 unum
765 1049 1079 1090 contrariorum
1098 1061 1184 1089 non
1206 1047 1452 1101 recipiendo
1469 1045 1630 1098 aliquid

103 1121 158 1161 de
186 1120 335 1170 altero,
368 1133 472 1173 ergo
503 1119 544 1159 in
571 1118 655 1159 fine
677 1118 970 1172 corrupcionis
1001 1124 1112 1158 esset
1146 1131 1282 1158 vacua
1312 1122 1497 1167 utroque
1533 1126 1631 1154 con-

47 1203 82 1233 15
103 1190 346 1240 trariomm,
364 1188 481 1240 quod
509 1194 574 1229 est
589 1194 738 1228 contra
754 1186 1039 1227 Aristotelem
1058 1192 1100 1226 et
1120 1184 1398 1238 impossibile,
1425 1182 1630 1236 quoniam

103 1271 274 1311 semper
296 1264 360 1298 est
387 1257 467 1298 sub
485 1255 622 1297 altero
645 1256 974 1304 contrariorum,
990 1255 1055 1294 vel
1082 1255 1163 1294 sub
1186 1259 1369 1306 utroque
1392 1251 1566 1292 mixtim
1590 1257 1632 1290 et

104 1327 343 1367 secundum
366 1332 527 1378 partes,
549 1325 651 1378 quia
675 1324 856 1365 materia
878 1324 958 1364 hec
981 1329 1046 1364 est
1068 1337 1134 1362 res
1156 1321 1337 1374 alicujus
1358 1319 1527 1374 generis
1550 1333 1633 1372 que

105 1408 276 1447 semper
308 1401 374 1435 est
402 1395 482 1434 sub
510 1393 646 1434 altera
675 1392 923 1433 differencia
947 1390 1162 1444 specifica,
1184 1391 1254 1431 vel
1285 1389 1366 1430 sub
1395 1403 1487 1430 esse
1516 1401 1632 1429 com-

106 1463 250 1516 posito
291 1477 348 1503 ex
390 1469 586 1515 utraque.
651 1462 933 1515 Quapropter
975 1460 1156 1500 materia
1204 1460 1310 1499 dum
1351 1457 1517 1498 amittit
1558 1469 1635 1509 per

46 1551 86 1573 20
106 1532 219 1572 viam
257 1531 549 1584 corrupcionis
579 1531 811 1571 terminum
835 1544 860 1570 a
882 1542 969 1583 quo
1001 1528 1128 1568 simul
1151 1528 1302 1581 recipit
1324 1527 1557 1567 terminum
1580 1526 1633 1565 ad

104 1614 249 1654 quem.

164 1669 225 1710 Et
271 1670 372 1722 quia
413 1671 523 1710 sicut
564 1684 609 1710 se
652 1670 785 1710 habet
826 1668 1053 1721 generacio
1093 1666 1266 1707 termini
1308 1666 1363 1706 ad
1406 1678 1536 1718 quem
1578 1665 1631 1703 ad

103 1739 432 1792 corrupcionem
450 1739 622 1779 termini
637 1752 661 1779 a
676 1751 780 1791 quo,
798 1738 857 1778 sic
874 1743 1127 1789 generatum
1158 1735 1162 1782 Ι
1191 1748 1285 1775 esse
1306 1734 1361 1774 ad
1384 1744 1635 1785 corruptum
1657 1744 1698 1774 D.
1717 1743 1756 1782 6,-
1777 1745 1805 1773 b.

106 1820 199 1847 esse
219 1820 229 1857 ;
266 1813 391 1847 erunt
427 1814 682 1859 generatum
718 1820 811 1847 esse
847 1812 891 1845 et
927 1810 1179 1857 corruptum
1221 1816 1315 1844 esse
1349 1800 1489 1851 simul,
1527 1800 1635 1841 sicut

47 1893 85 1924 25
106 1876 334 1929 generacio
356 1882 398 1916 et
422 1876 648 1928 corrupcio
666 1881 768 1916 sunt
790 1873 933 1914 simul.
997 1872 1075 1913 Set
1105 1871 1236 1912 simul
1265 1871 1333 1911 hic
1354 1870 1423 1911 vel
1446 1869 1552 1911 dicit
1574 1869 1635 1908 in-

107 1944 364 1985 divisionem
388 1945 582 1996 ejusdem
607 1944 818 1996 temporis
843 1943 885 1982 in
907 1955 994 1995 quo
1017 1947 1118 1981 sunt
1140 1940 1219 1981 hec
1242 1939 1465 1992 corrupcio
1487 1944 1531 1978 et
1552 1937 1632 1978 hec

107 2015 335 2067 generacio
350 2020 393 2054 et
410 2014 712 2054 indivisionem
735 2012 931 2065 ejusdem
955 2010 1158 2051 instantis
1183 2010 1225 2049 in
1248 2023 1334 2062 quo
1357 2014 1459 2049 sunt
1480 2021 1635 2061 gener-

106 2090 227 2123 atum
261 2088 304 2123 et
336 2088 590 2135 corruptum
621 2095 727 2130 esse,
749 2087 793 2121 et
821 2080 880 2121 sic
908 2079 1094 2120 habetur
1120 2079 1410 2131 propositum,
1430 2076 1498 2117 vel
1529 2075 1634 2117 dicit

107 2151 492 2192 concomitanciam
534 2151 806 2191 diversorum
850 2155 1100 2201 temporum
1141 2147 1185 2187 in
1227 2159 1413 2200 quorum
1457 2159 1545 2186 uno
1570 2150 1633 2185 est

49 2235 89 2266 30
108 2220 330 2272 corrupcio
371 2226 415 2260 et
457 2220 499 2259 in
533 2218 618 2259 alio
659 2218 900 2271 generacio,
937 2223 980 2257 et
1016 2215 1215 2256 similiter
1245 2213 1632 2255 concomitanciam

108 2289 290 2329 duorum
316 2288 590 2337 instancium,
614 2287 656 2327 in
679 2300 865 2340 quorum
888 2299 976 2326 uno
998 2291 1064 2325 est
1093 2284 1097 2339 Ι
1125 2290 1379 2337 corruptum
1404 2296 1497 2323 esse
1526 2287 1569 2322 et
1595 2281 1637 2321 in
1659 2294 1697 2328 74
1715 2300 1733 2319 a
1755 2297 1780 2319 1.

110 2357 193 2397 alio
215 2362 472 2410 generatum
496 2369 600 2397 esse.
665 2354 742 2396 Set
769 2355 852 2395 hoc
875 2361 941 2395 est
965 2352 1261 2407 impossibile3
1293 2365 1396 2406 ergo
1419 2351 1633 2404 reliquum

159 2515 172 2536 1
194 2504 447 2544 Phisicorum]
466 2505 509 2535 vi.
531 2515 558 2542 7.

152 2650 172 2678 4
196 2638 312 2679 quam]
330 2648 405 2669 cum
423 2638 456 2668 F
595 2646 634 2666 10
658 2634 836 2666 manifeste
853 2632 988 2674 falsum]
1008 2632 1221 2664 manifestum
1239 2633 1272 2664 F
1402 2643 1437 2662 11
1465 2632 1499 2662 in
1517 2632 1635 2663 eadem

111 2691 251 2722 materia
266 2701 332 2721 om.
350 2690 383 2720 F
525 2689 560 2719 in
576 2687 656 2727 alio]
675 2687 856 2727 generacio
873 2686 906 2716 in
923 2686 990 2716 alio
1008 2685 1040 2715 F
1173 2695 1211 2715 12
1235 2685 1411 2725 continuo]
1429 2684 1587 2715 continue
1603 2683 1638 2713 D

112 2753 151 2782 13
168 2752 271 2773 unum
282 2741 528 2773 contrariorum
540 2751 606 2771 om.
619 2739 653 2769 D
756 2749 799 2769 20
816 2738 994 2770 terminum
1006 2736 1070 2778 bis]
1081 2736 1206 2777 aliquid
1219 2737 1353 2768 termini
1364 2736 1399 2766 D
1503 2738 1545 2767 28
1562 2745 1638 2776 pro-

110 2793 273 2835 positum]
289 2795 407 2834 oppom
422 2792 456 2823 F
