1877 3131
86 807 208 837 40³²-

961 135 1042 173 144

234 243 276 282 in
300 241 562 295 quibusdam
586 239 767 292 turpiter
790 245 915 284 errat,
942 243 990 276 ut
1023 242 1146 289 patet
1168 236 1223 276 de
1255 235 1423 276 unitate
1454 234 1700 275 intellectus
1722 234 1764 273 in

231 310 448 358 omnibus,
481 314 525 349 et
562 308 604 348 in
638 306 900 360 quibusdam
938 305 1059 353 aliis3
1093 304 1204 344 sicut
1239 303 1401 356 ubique
1434 310 1542 344 noto
1574 302 1657 344 hoc
1691 303 1763 343 ubi

231 378 359 420 fuerit
390 384 670 431 oportunum.
729 375 810 416 Per
843 387 943 414 eum
977 373 1086 414 scire
1122 385 1355 426 possumus
1386 372 1503 424 quod
1537 371 1668 411 nichil
1699 378 1764 412 est

231 446 471 499 perfectum
494 445 537 484 in
561 442 765 484 humanis
794 441 1149 490 invencionibus;
1181 447 1223 481 et
1249 440 1517 481 credendum
1546 445 1612 481 est
1643 440 1764 492 quod

230 529 278 556 ea
302 528 387 568 que
417 514 529 554 bene
561 512 742 565 scripsit,
771 511 940 563 accepit
972 511 1027 550 ab
1056 509 1149 551 aliis
1178 515 1360 563 propter
1387 509 1570 562 pingues
1601 521 1765 550 errores
1785 528 1802 558 5

230 597 339 637 quos
368 597 425 623 ex
458 595 585 623 sensu
619 581 798 634 proprio
830 579 1058 621 interserit.
1121 578 1240 619 Nam
1273 591 1498 631 nunquam
1531 578 1668 618 homo
1701 577 1764 618 sic

229 652 449 702 fundatus,
493 657 540 691 ut
591 650 752 703 scripta
804 662 882 689 sua
929 649 1246 695 demonstrant,
1290 654 1438 701 posset
1479 647 1539 687 ita
1580 647 1765 699 turpiter

230 734 383 770 errare,
405 720 439 760 si
470 734 527 760 ex
550 733 629 759 suo
651 732 779 759 sensu
809 725 901 759 tam
924 716 1087 758 nobilia
1112 717 1272 770 scripta
1294 722 1560 757 emanarent.
1624 716 1738 756 Dico
1759 713 1763 769 Ι

230 789 360 843 igitur
381 788 499 841 quod
529 787 611 837 hic,
637 794 680 828 et
712 787 754 826 in
786 787 939 839 quinto
971 784 1298 839 fllethaplzz'sz'ce,
1320 792 1433 826 errat
1470 786 1513 825 in
1554 784 1764 838 predictis

230 857 431 899 articulis.
494 855 570 897 Set
593 855 749 909 aliquis
764 862 912 908 posset
935 855 1140 895 estimare
1155 867 1202 896 se
1223 854 1334 894 bene
1356 853 1615 894 confirmare
1631 853 1764 895 verba

229 939 308 967 sua
344 938 421 978 per
453 924 552 974 hoc,
588 925 705 976 quod
749 922 1015 965 Aristoteles
1056 923 1171 964 dixit
1205 923 1246 963 in
1285 923 1441 976 quinto
1478 922 1764 972 Pleisz‘cormn,

229 995 346 1048 quod
374 1000 520 1034 motus
541 993 676 1033 habet
703 993 917 1034 unitatem
947 1006 972 1032 a
1003 993 1191 1033 termino
1219 1006 1327 1042 suo;
1359 1005 1460 1032 nam
1484 999 1630 1033 motus
1652 1005 1763 1033 unus

230 1063 468 1104 secundum
491 1075 720 1102 numerum
751 1067 816 1102 est
845 1061 919 1113 qui
940 1061 1062 1102 vadit
1085 1062 1126 1101 in
1153 1074 1287 1102 unum
1310 1061 1545 1102 terminum
1568 1074 1763 1112 numero,

231 1139 274 1174 et
297 1137 442 1172 motus
467 1144 575 1171 unus
598 1131 837 1172 secundum
859 1130 1049 1183 speciem
1073 1131 1147 1183 qui
1169 1131 1290 1171 vadit
1312 1129 1355 1170 in
1383 1143 1518 1171 unum
1540 1130 1698 1183 specie,
1719 1137 1763 1172 et

232 1207 377 1242 motus
407 1213 516 1240 unus
548 1199 787 1240 secundum
816 1212 954 1252 genus
986 1200 1058 1252 qui
1081 1199 1203 1240 vadit
1228 1199 1269 1239 in
1300 1212 1390 1240 rem
1423 1198 1549 1239 unius
1575 1199 1762 1252 generis,

231 1275 277 1309 ut
309 1269 523 1309 coloracio
545 1268 667 1309 vadit
696 1268 736 1307 in
763 1281 901 1321 genus
931 1281 1079 1319 unum,
1100 1269 1219 1321 quod
1249 1275 1315 1309 est
1344 1267 1473 1318 color,
1491 1274 1534 1308 et
1562 1274 1628 1309 est
1651 1281 1762 1309 unus

231 1344 375 1378 motus
388 1350 559 1390 genere,
581 1337 691 1377 sicut
706 1336 935 1378 dealbacio
956 1337 1077 1377 vadit
1099 1337 1142 1376 in
1164 1349 1296 1377 unam
1322 1337 1513 1390 speciem
1537 1335 1706 1386 coloris,
1719 1343 1762 1377 et

227 1413 290 1447 est
313 1419 422 1447 unus
441 1412 585 1446 motus
600 1406 757 1459 specie,
781 1412 824 1446 et
840 1406 919 1446 hec
934 1405 1159 1448 dealbacio
1181 1412 1247 1446 est
1265 1419 1375 1446 unus
1398 1411 1544 1447 motus
1566 1418 1762 1455 numero,

229 1476 339 1516 sicut
360 1476 479 1516 vadit
503 1475 545 1515 in
567 1475 679 1515 hanc
702 1474 965 1526 albedinem,
986 1488 1071 1528 que
1101 1481 1166 1515 est
1192 1488 1278 1515 una
1300 1487 1493 1516 numero.
1570 1474 1629 1514 Et
1651 1474 1762 1524 ideo,

228 1557 325 1584 curn
351 1549 496 1584 motus
520 1543 561 1582 in
584 1544 878 1584 substanciam
895 1550 938 1585 et
960 1543 1252 1596 quantitatem
1275 1549 1317 1584 et
1340 1543 1599 1595 qualitatem
1623 1549 1666 1583 et
1689 1543 1762 1584 ubi
1786 1560 1799 1580 2

232 1613 396 1653 vadant
410 1612 451 1652 in
466 1613 658 1652 diversos
673 1612 880 1653 terminos
893 1613 1133 1654 secundum
1148 1626 1299 1666 genus,
1314 1618 1459 1653 motus
1476 1612 1556 1652 erit
1571 1613 1614 1652 in
1628 1612 1762 1653 diver-

234 1680 290 1719 sis
312 1680 540 1733 generibus
560 1681 801 1721 secundum
824 1695 974 1722 eorum
993 1682 1306 1732 diversitatem,
1322 1687 1364 1722 et
1382 1681 1443 1722 ita
1459 1687 1605 1722 motus
1623 1681 1703 1722 erit
1719 1681 1762 1721 in

238 1749 560 1800 predicamento
582 1749 831 1791 substancie
848 1751 922 1802 qui
940 1750 1060 1791 vadit
1083 1750 1125 1790 in
1148 1749 1456 1799 substanciam,
1471 1755 1517 1789 ut
1534 1750 1762 1802 generacio

231 1823 275 1857 et
297 1817 523 1870 corrupcio
545 1823 588 1858 et
610 1824 898 1871 augmentum
918 1819 960 1859 in
977 1819 1236 1872 quantitate,
1253 1819 1456 1860 alteracio
1478 1818 1520 1858 in
1533 1818 1762 1871 qualitate,

234 1885 319 1925 loci
346 1886 538 1926 mutacio
561 1885 603 1925 in
617 1886 702 1934 ubi,
726 1887 865 1927 eciam
887 1888 948 1929 sic
970 1895 1175 1940 sequetur
1197 1888 1364 1929 dictum
1390 1887 1728 1929 Comentatoris.
1784 1901 1798 1921 2

287 1954 364 1996 Set
386 1955 619 1995 dicendum
643 1961 721 2004 est,
739 1957 856 2008 quod
876 1970 1027 1997 verum
1046 1964 1111 1998 est
1134 1957 1253 2010 quod
1277 1963 1422 1998 motus
1445 1970 1556 1998 unus
1577 1970 1761 1998 numero

229 2022 359 2063 habet
393 2036 526 2063 unum
561 2024 797 2064 terminum
835 2038 1028 2075 numero,
1067 2031 1110 2066 et
1142 2039 1252 2066 unus
1283 2027 1427 2078 specie
1457 2026 1592 2067 habet
1624 2039 1758 2066 unum

227 2091 461 2131 terminum
503 2093 742 2132 secundum
786 2095 987 2146 speciem,
1022 2100 1065 2135 et
1107 2107 1217 2134 unus
1257 2108 1415 2148 genere
1456 2095 1589 2136 habet
1625 2108 1759 2136 unum

228 2160 462 2200 terminum
500 2173 681 2213 genere:
715 2168 782 2202 set
816 2168 963 2203 tamen
998 2170 1143 2204 motus
1179 2177 1266 2204 non
1304 2170 1367 2204 est
1402 2165 1444 2203 in
1477 2164 1633 2205 eodem
1663 2177 1759 2217 pre-

231 2228 478 2268 dicamento
502 2241 601 2268 cum
624 2229 706 2268 illis
728 2231 937 2279 terminis,
961 2231 1043 2272 nisi
1066 2245 1143 2285 per
1164 2232 1379 2281 accidens,
1393 2245 1495 2272 nam
1509 2245 1660 2273 verum
1684 2238 1760 2280 est,

230 2296 348 2347 quod
366 2295 523 2336 albedo
539 2297 760 2338 individua
775 2305 818 2339 et
840 2299 998 2340 albedo
1012 2300 1053 2340 in
1072 2301 1216 2353 specie
1239 2308 1281 2341 et
1303 2300 1424 2342 color
1444 2307 1545 2341 sunt
1562 2301 1604 2340 in
1626 2299 1759 2341 tercia

232 2364 375 2415 specie
397 2364 629 2416 qualitatis,
652 2366 760 2407 sicut
782 2373 952 2418 motus;
984 2382 1070 2409 non
1085 2374 1233 2410 tamen
1248 2376 1427 2422 propter
1441 2368 1523 2409 hoc
1541 2374 1608 2409 est
1629 2368 1685 2409 ad
1708 2382 1758 2409 ea

231 2438 377 2472 motus
413 2433 455 2471 in
482 2446 640 2486 genere
673 2434 840 2487 coloris,
870 2449 947 2477 nec
976 2437 1209 2479 calefaccio
1239 2438 1281 2478 in
1311 2451 1469 2490 genere
1491 2437 1659 2489 caloris,
1681 2449 1758 2478 nec

270 2576 291 2605 9
314 2568 608 2609 Methaphisice]
624 2579 654 2600 v.
676 2570 726 2601 18.
978 2582 1012 2602 11
1040 2573 1294 2614 Phisicorum]
1311 2584 1342 2604 v.
1358 2584 1412 2614 34.

272 2693 292 2722 3
309 2685 527 2726 oportunum]
539 2687 700 2726 optimum
712 2687 747 2717 D
828 2699 844 2727 7
862 2689 1005 2729 scripta]
1018 2690 1186 2730 scriptura
1197 2691 1239 2722 M
1315 2693 1335 2722 8
1354 2692 1439 2733 tam]
1454 2693 1499 2724 ita
1509 2693 1544 2723 D
1622 2704 1664 2724 20
1681 2704 1757 2725 cum

230 2745 296 2765 om.
314 2734 348 2764 D
480 2746 518 2766 21
545 2738 683 2778 vadant]
701 2739 827 2770 vadunt
844 2739 879 2769 D
1010 2751 1052 2781 25
1076 2742 1255 2783 sequetur]
1272 2744 1425 2782 sequitur
1439 2744 1475 2774 D
1600 2747 1642 2775 26
1666 2746 1756 2784 quod

230 2796 343 2816 verum
355 2791 407 2816 est
418 2797 480 2817 om.
495 2787 530 2817 D
611 2799 650 2827 27
673 2790 829 2831 numero]
848 2792 1034 2822 secundum
1053 2803 1229 2824 numerum
1242 2794 1276 2825 D
1362 2805 1406 2834 30
1429 2795 1505 2836 per]
1523 2797 1709 2827 secundum
1724 2797 1757 2827 D

1789 870 1826 891 10

1781 2242 1821 2272 30
