<?xml version="1.0" encoding="UTF-8"?>
<!DOCTYPE html PUBLIC "-//W3C//DTD XHTML 1.0 Transitional//EN"
    "http://www.w3.org/TR/xhtml1/DTD/xhtml1-transitional.dtd">
<html xmlns="http://www.w3.org/1999/xhtml" xml:lang="en" lang="en">
 <head>
  <title>
</title>
<meta http-equiv="Content-Type" content="text/html;charset=utf-8" />
  <meta name='ocr-system' content='tesseract 3.04.00' />
  <meta name='ocr-capabilities' content='ocr_page ocr_carea ocr_par ocr_line ocrx_word'/>
</head>
<body>
  <div class='ocr_page' id='page_1' title='image "./operahactenusine03baco_0176.png"; bbox 0 0 1898 3126; ppageno 0'>
   <div class='ocr_carea' id='block_1_1' title="bbox 127 1659 250 1699">
    <p class='ocr_par' dir='ltr' id='par_1_1' title="bbox 127 1659 250 1699">
     <span class='ocr_line' id='line_1_1' title="bbox 127 1659 250 1699; baseline 0.008 -10"><span class='ocrx_word' id='word_1_1' title='bbox 127 1659 250 1699; x_wconf 61' lang='lat' dir='ltr'>Sfbl.</span> 
     </span>
    </p>
   </div>
   <div class='ocr_carea' id='block_1_2' title="bbox 1006 104 1088 147">
    <p class='ocr_par' dir='ltr' id='par_1_2' title="bbox 1006 104 1088 147">
     <span class='ocr_line' id='line_1_2' title="bbox 1006 104 1088 147; baseline 0 -15"><span class='ocrx_word' id='word_1_2' title='bbox 1006 104 1088 147; x_wconf 81' lang='lat'>300</span> 
     </span>
    </p>
   </div>
   <div class='ocr_carea' id='block_1_3' title="bbox 281 206 1805 467">
    <p class='ocr_par' dir='ltr' id='par_1_3' title="bbox 281 206 1805 330">
     <span class='ocr_line' id='line_1_3' title="bbox 281 206 1805 260; baseline -0.003 -10"><span class='ocrx_word' id='word_1_3' title='bbox 281 209 484 251; x_wconf 83' lang='lat' dir='ltr'>distinxit</span> <span class='ocrx_word' id='word_1_4' title='bbox 525 221 653 248; x_wconf 91' lang='lat' dir='ltr'>unam</span> <span class='ocrx_word' id='word_1_5' title='bbox 691 207 747 247; x_wconf 88' lang='lat' dir='ltr'>ab</span> <span class='ocrx_word' id='word_1_6' title='bbox 780 206 876 253; x_wconf 89' lang='lat' dir='ltr'>alia,</span> <span class='ocrx_word' id='word_1_7' title='bbox 910 219 1014 259; x_wconf 86' lang='lat' dir='ltr'>ergo</span> <span class='ocrx_word' id='word_1_8' title='bbox 1048 206 1155 246; x_wconf 85' lang='lat' dir='ltr'>ordo</span> <span class='ocrx_word' id='word_1_9' title='bbox 1187 212 1341 246; x_wconf 90' lang='lat' dir='ltr'>nature</span> <span class='ocrx_word' id='word_1_10' title='bbox 1377 206 1517 260; x_wconf 81' lang='lat' dir='ltr'>exigit</span> <span class='ocrx_word' id='word_1_11' title='bbox 1563 212 1610 247; x_wconf 88' lang='lat' dir='ltr'>ut</span> <span class='ocrx_word' id='word_1_12' title='bbox 1653 206 1805 247; x_wconf 87' lang='lat' dir='ltr'>eadem</span> 
     </span>
     <span class='ocr_line' id='line_1_4' title="bbox 281 274 1232 330; baseline -0.004 -12"><span class='ocrx_word' id='word_1_13' title='bbox 281 279 416 318; x_wconf 89' lang='lat' dir='ltr'>virtus</span> <span class='ocrx_word' id='word_1_14' title='bbox 438 281 674 330; x_wconf 80' lang='lat' dir='ltr'>cognoscat</span> <span class='ocrx_word' id='word_1_15' title='bbox 697 282 739 316; x_wconf 88' lang='lat' dir='ltr'>et</span> <span class='ocrx_word' id='word_1_16' title='bbox 761 274 1016 316; x_wconf 85' lang='lat' dir='ltr'>secundario</span> <span class='ocrx_word' id='word_1_17' title='bbox 1038 280 1232 327; x_wconf 89' lang='lat' dir='ltr'>appetat.</span> 
     </span>
    </p>

    <p class='ocr_par' dir='ltr' id='par_1_4' title="bbox 281 341 1804 467">
     <span class='ocr_line' id='line_1_5' title="bbox 341 341 1803 397; baseline -0.002 -11"><span class='ocrx_word' id='word_1_18' title='bbox 341 347 467 394; x_wconf 85' lang='lat' dir='ltr'><strong>Item,</strong></span> <span class='ocrx_word' id='word_1_19' title='bbox 484 345 721 386; x_wconf 86' lang='lat' dir='ltr'>secundum</span> <span class='ocrx_word' id='word_1_20' title='bbox 744 344 992 397; x_wconf 86' lang='lat' dir='ltr'>opinionem</span> <span class='ocrx_word' id='word_1_21' title='bbox 1015 341 1323 395; x_wconf 86' lang='lat' dir='ltr'>theologorum</span> <span class='ocrx_word' id='word_1_22' title='bbox 1346 357 1495 397; x_wconf 82' lang='lat' dir='ltr'>arguo,</span> <span class='ocrx_word' id='word_1_23' title='bbox 1511 357 1664 385; x_wconf 88' lang='lat' dir='ltr'>omnes</span> <span class='ocrx_word' id='word_1_24' title='bbox 1686 343 1803 384; x_wconf 90' lang='lat' dir='ltr'>enim</span> 
     </span>
     <span class='ocr_line' id='line_1_6' title="bbox 281 412 1804 467; baseline -0.002 -11"><span class='ocrx_word' id='word_1_25' title='bbox 281 415 431 456; x_wconf 80' lang='lat' dir='ltr'>volunt</span> <span class='ocrx_word' id='word_1_26' title='bbox 481 414 599 467; x_wconf 88' lang='lat' dir='ltr'>quod</span> <span class='ocrx_word' id='word_1_27' title='bbox 642 413 935 465; x_wconf 85' lang='lat' dir='ltr'>vegetativum</span> <span class='ocrx_word' id='word_1_28' title='bbox 986 412 1234 453; x_wconf 89' lang='lat' dir='ltr'>sensitivum</span> <span class='ocrx_word' id='word_1_29' title='bbox 1276 418 1319 452; x_wconf 94' lang='lat' dir='ltr'>et</span> <span class='ocrx_word' id='word_1_30' title='bbox 1359 412 1673 454; x_wconf 89' lang='lat' dir='ltr'>intellectivum</span> <span class='ocrx_word' id='word_1_31' title='bbox 1719 412 1804 453; x_wconf 85' lang='lat' dir='ltr'>sint</span> 
     </span>
    </p>
   </div>
   <div class='ocr_carea' id='block_1_4' title="bbox 280 480 1841 534">
    <p class='ocr_par' dir='ltr' id='par_1_5' title="bbox 280 480 1841 534">
     <span class='ocr_line' id='line_1_7' title="bbox 280 480 1841 534; baseline -0.002 -9"><span class='ocrx_word' id='word_1_32' title='bbox 280 485 435 525; x_wconf 89' lang='lat' dir='ltr'>eadem</span> <span class='ocrx_word' id='word_1_33' title='bbox 491 482 737 523; x_wconf 79' lang='lat' dir='ltr'>substancia</span> <span class='ocrx_word' id='word_1_34' title='bbox 773 480 1038 534; x_wconf 90' lang='lat' dir='ltr'>simpliciter,</span> <span class='ocrx_word' id='word_1_35' title='bbox 1081 494 1166 521; x_wconf 91' lang='lat' dir='ltr'>non</span> <span class='ocrx_word' id='word_1_36' title='bbox 1214 481 1378 522; x_wconf 88' lang='lat' dir='ltr'>habens</span> <span class='ocrx_word' id='word_1_37' title='bbox 1423 488 1568 534; x_wconf 88' lang='lat' dir='ltr'>partes</span> <span class='ocrx_word' id='word_1_38' title='bbox 1613 482 1841 529; x_wconf 75' lang='lat' dir='ltr'>diversasf,</span> 
     </span>
    </p>
   </div>
   <div class='ocr_carea' id='block_1_5' title="bbox 270 550 1805 2184">
    <p class='ocr_par' dir='ltr' id='par_1_6' title="bbox 270 550 1805 2184">
     <span class='ocr_line' id='line_1_8' title="bbox 281 550 1804 604; baseline -0.002 -10"><span class='ocrx_word' id='word_1_39' title='bbox 281 555 322 594; x_wconf 89' lang='lat' dir='ltr'>in</span> <span class='ocrx_word' id='word_1_40' title='bbox 366 552 568 598; x_wconf 86' lang='lat' dir='ltr'>essencia‚</span> <span class='ocrx_word' id='word_1_41' title='bbox 608 564 724 604; x_wconf 80' lang='lat' dir='ltr'>ergo,</span> <span class='ocrx_word' id='word_1_42' title='bbox 759 550 996 591; x_wconf 90' lang='lat' dir='ltr'>secundum</span> <span class='ocrx_word' id='word_1_43' title='bbox 1039 563 1113 591; x_wconf 92' lang='lat' dir='ltr'>eos</span> <span class='ocrx_word' id='word_1_44' title='bbox 1150 550 1461 590; x_wconf 88' lang='lat' dir='ltr'>intellectivum</span> <span class='ocrx_word' id='word_1_45' title='bbox 1502 564 1589 591; x_wconf 91' lang='lat' dir='ltr'>non</span> <span class='ocrx_word' id='word_1_46' title='bbox 1623 550 1804 592; x_wconf 82' lang='lat' dir='ltr'>habebit</span> 
     </span>
     <span class='ocr_line' id='line_1_9' title="bbox 281 617 1805 675; baseline -0.002 -13"><span class='ocrx_word' id='word_1_47' title='bbox 281 628 424 675; x_wconf 90' lang='lat' dir='ltr'>partes</span> <span class='ocrx_word' id='word_1_48' title='bbox 446 621 635 661; x_wconf 90' lang='lat' dir='ltr'>diversas</span> <span class='ocrx_word' id='word_1_49' title='bbox 656 620 698 658; x_wconf 92' lang='lat' dir='ltr'>in</span> <span class='ocrx_word' id='word_1_50' title='bbox 721 618 925 665; x_wconf 88' lang='lat' dir='ltr'>essencia‚</span> <span class='ocrx_word' id='word_1_51' title='bbox 949 618 1051 671; x_wconf 89' lang='lat' dir='ltr'>quia</span> <span class='ocrx_word' id='word_1_52' title='bbox 1081 617 1179 671; x_wconf 90' lang='lat' dir='ltr'>plus</span> <span class='ocrx_word' id='word_1_53' title='bbox 1204 618 1410 659; x_wconf 86' lang='lat' dir='ltr'>differunt</span> <span class='ocrx_word' id='word_1_54' title='bbox 1441 619 1642 671; x_wconf 84' lang='lat' dir='ltr'>potencie</span> <span class='ocrx_word' id='word_1_55' title='bbox 1664 619 1805 660; x_wconf 89' lang='lat' dir='ltr'>tocius</span> 
     </span>
     <span class='ocr_line' id='line_1_10' title="bbox 279 686 1805 743; baseline -0.002 -12"><span class='ocrx_word' id='word_1_56' title='bbox 279 691 422 731; x_wconf 87' lang='lat' dir='ltr'>anime</span> <span class='ocrx_word' id='word_1_57' title='bbox 472 701 604 741; x_wconf 88' lang='lat' dir='ltr'>quam</span> <span class='ocrx_word' id='word_1_58' title='bbox 658 688 856 740; x_wconf 85' lang='lat' dir='ltr'>potencie</span> <span class='ocrx_word' id='word_1_59' title='bbox 902 688 1048 727; x_wconf 87' lang='lat' dir='ltr'>anime</span> <span class='ocrx_word' id='word_1_60' title='bbox 1090 686 1365 728; x_wconf 88' lang='lat' dir='ltr'>intellective.</span> <span class='ocrx_word' id='word_1_61' title='bbox 1429 687 1632 730; x_wconf 85' lang='lat' dir='ltr'>Concedo</span> <span class='ocrx_word' id='word_1_62' title='bbox 1674 689 1805 743; x_wconf 87' lang='lat' dir='ltr'>igitur</span> 
     </span>
     <span class='ocr_line' id='line_1_11' title="bbox 279 756 1805 812; baseline -0.001 -14"><span class='ocrx_word' id='word_1_63' title='bbox 279 759 546 812; x_wconf 89' lang='lat' dir='ltr'>posicionem</span> <span class='ocrx_word' id='word_1_64' title='bbox 569 770 718 797; x_wconf 90' lang='lat' dir='ltr'>eorum</span> <span class='ocrx_word' id='word_1_65' title='bbox 746 756 788 795; x_wconf 90' lang='lat' dir='ltr'>in</span> <span class='ocrx_word' id='word_1_66' title='bbox 812 756 892 796; x_wconf 92' lang='lat' dir='ltr'>hac</span> <span class='ocrx_word' id='word_1_67' title='bbox 915 762 1050 808; x_wconf 88' lang='lat' dir='ltr'>parte,</span> <span class='ocrx_word' id='word_1_68' title='bbox 1072 762 1138 796; x_wconf 90' lang='lat' dir='ltr'>set</span> <span class='ocrx_word' id='word_1_69' title='bbox 1167 769 1253 797; x_wconf 89' lang='lat' dir='ltr'>non</span> <span class='ocrx_word' id='word_1_70' title='bbox 1278 757 1320 796; x_wconf 87' lang='lat' dir='ltr'>in</span> <span class='ocrx_word' id='word_1_71' title='bbox 1349 757 1692 810; x_wconf 90' lang='lat' dir='ltr'>precedentibus.</span> <span class='ocrx_word' id='word_1_72' title='bbox 1745 756 1805 796; x_wconf 86' lang='lat' dir='ltr'>Et</span> 
     </span>
     <span class='ocr_line' id='line_1_12' title="bbox 278 825 1804 879; baseline -0.001 -11"><span class='ocrx_word' id='word_1_73' title='bbox 278 841 375 869; x_wconf 86' lang='lat' dir='ltr'>cum</span> <span class='ocrx_word' id='word_1_74' title='bbox 399 826 569 867; x_wconf 91' lang='lat' dir='ltr'>obicere</span> <span class='ocrx_word' id='word_1_75' title='bbox 591 831 772 879; x_wconf 88' lang='lat' dir='ltr'>possunt</span> <span class='ocrx_word' id='word_1_76' title='bbox 795 825 912 877; x_wconf 88' lang='lat' dir='ltr'>quod</span> <span class='ocrx_word' id='word_1_77' title='bbox 941 825 1220 878; x_wconf 81' lang='lat' dir='ltr'>operaciones</span> <span class='ocrx_word' id='word_1_78' title='bbox 1250 825 1392 866; x_wconf 90' lang='lat' dir='ltr'>anime</span> <span class='ocrx_word' id='word_1_79' title='bbox 1418 825 1678 867; x_wconf 89' lang='lat' dir='ltr'>intellective</span> <span class='ocrx_word' id='word_1_80' title='bbox 1705 833 1804 867; x_wconf 85' lang='lat' dir='ltr'>sunt</span> 
     </span>
     <span class='ocr_line' id='line_1_13' title="bbox 277 893 1804 948; baseline -0.001 -11"><span class='ocrx_word' id='word_1_81' title='bbox 277 897 444 937; x_wconf 86' lang='lat' dir='ltr'>diverse</span> <span class='ocrx_word' id='word_1_82' title='bbox 485 908 561 948; x_wconf 91' lang='lat' dir='ltr'>per</span> <span class='ocrx_word' id='word_1_83' title='bbox 602 894 852 943; x_wconf 89' lang='lat' dir='ltr'>essenciam‚</span> <span class='ocrx_word' id='word_1_84' title='bbox 887 893 1061 942; x_wconf 80' lang='lat' dir='ltr'>scilicet,</span> <span class='ocrx_word' id='word_1_85' title='bbox 1093 893 1332 946; x_wconf 79' lang='lat' dir='ltr'>intelligere</span> <span class='ocrx_word' id='word_1_86' title='bbox 1379 900 1422 934; x_wconf 92' lang='lat' dir='ltr'>et</span> <span class='ocrx_word' id='word_1_87' title='bbox 1462 894 1585 942; x_wconf 85' lang='lat' dir='ltr'>velle,</span> <span class='ocrx_word' id='word_1_88' title='bbox 1623 907 1726 947; x_wconf 86' lang='lat' dir='ltr'>ergo</span> <span class='ocrx_word' id='word_1_89' title='bbox 1761 901 1804 935; x_wconf 89' lang='lat' dir='ltr'>et</span> 
     </span>
     <span class='ocr_line' id='line_1_14' title="bbox 277 962 1804 1018; baseline -0.001 -13"><span class='ocrx_word' id='word_1_90' title='bbox 277 965 489 1018; x_wconf 88' lang='lat' dir='ltr'>potencie,</span> <span class='ocrx_word' id='word_1_91' title='bbox 506 970 547 1004; x_wconf 92' lang='lat' dir='ltr'>et</span> <span class='ocrx_word' id='word_1_92' title='bbox 565 964 657 1017; x_wconf 87' lang='lat' dir='ltr'>jam</span> <span class='ocrx_word' id='word_1_93' title='bbox 680 963 914 1016; x_wconf 89' lang='lat' dir='ltr'>probatum</span> <span class='ocrx_word' id='word_1_94' title='bbox 938 968 1004 1003; x_wconf 93' lang='lat' dir='ltr'>est</span> <span class='ocrx_word' id='word_1_95' title='bbox 1026 962 1143 1014; x_wconf 89' lang='lat' dir='ltr'>quod</span> <span class='ocrx_word' id='word_1_96' title='bbox 1167 963 1366 1015; x_wconf 81' lang='lat' dir='ltr'>potencie</span> <span class='ocrx_word' id='word_1_97' title='bbox 1388 964 1527 1004; x_wconf 90' lang='lat' dir='ltr'>tocius</span> <span class='ocrx_word' id='word_1_98' title='bbox 1545 963 1688 1004; x_wconf 90' lang='lat' dir='ltr'>anime</span> <span class='ocrx_word' id='word_1_99' title='bbox 1705 970 1804 1004; x_wconf 86' lang='lat' dir='ltr'>sunt</span> 
     </span>
     <span class='ocr_line' id='line_1_15' title="bbox 277 1031 1804 1086; baseline -0.002 -12"><span class='ocrx_word' id='word_1_100' title='bbox 277 1035 444 1074; x_wconf 83' lang='lat' dir='ltr'>diverse</span> <span class='ocrx_word' id='word_1_101' title='bbox 461 1032 696 1073; x_wconf 87' lang='lat' dir='ltr'>secundum</span> <span class='ocrx_word' id='word_1_102' title='bbox 715 1031 918 1084; x_wconf 88' lang='lat' dir='ltr'>speciem,</span> <span class='ocrx_word' id='word_1_103' title='bbox 933 1045 984 1072; x_wconf 93' lang='lat' dir='ltr'>eo</span> <span class='ocrx_word' id='word_1_104' title='bbox 1002 1031 1120 1085; x_wconf 90' lang='lat' dir='ltr'>quod</span> <span class='ocrx_word' id='word_1_105' title='bbox 1138 1031 1303 1072; x_wconf 90' lang='lat' dir='ltr'>habent</span> <span class='ocrx_word' id='word_1_106' title='bbox 1317 1032 1508 1073; x_wconf 90' lang='lat' dir='ltr'>diversas</span> <span class='ocrx_word' id='word_1_107' title='bbox 1526 1032 1804 1086; x_wconf 79' lang='lat' dir='ltr'>operaciones</span> 
     </span>
     <span class='ocr_line' id='line_1_16' title="bbox 277 1099 1805 1155; baseline -0.002 -12"><span class='ocrx_word' id='word_1_108' title='bbox 277 1104 318 1142; x_wconf 89' lang='lat' dir='ltr'>in</span> <span class='ocrx_word' id='word_1_109' title='bbox 339 1101 494 1155; x_wconf 92' lang='lat' dir='ltr'>specie,</span> <span class='ocrx_word' id='word_1_110' title='bbox 511 1101 744 1141; x_wconf 91' lang='lat' dir='ltr'>dicendum</span> <span class='ocrx_word' id='word_1_111' title='bbox 769 1105 834 1140; x_wconf 92' lang='lat' dir='ltr'>est</span> <span class='ocrx_word' id='word_1_112' title='bbox 855 1100 974 1152; x_wconf 88' lang='lat' dir='ltr'>quod</span> <span class='ocrx_word' id='word_1_113' title='bbox 991 1099 1074 1141; x_wconf 90' lang='lat' dir='ltr'>hoc</span> <span class='ocrx_word' id='word_1_114' title='bbox 1091 1107 1396 1153; x_wconf 84' lang='lat' dir='ltr'>argumentum</span> <span class='ocrx_word' id='word_1_115' title='bbox 1415 1108 1533 1141; x_wconf 90' lang='lat' dir='ltr'>tenet</span> <span class='ocrx_word' id='word_1_116' title='bbox 1556 1100 1629 1141; x_wconf 91' lang='lat' dir='ltr'>ubi</span> <span class='ocrx_word' id='word_1_117' title='bbox 1653 1113 1805 1153; x_wconf 88' lang='lat' dir='ltr'>opera-</span> 
     </span>
     <span class='ocr_line' id='line_1_17' title="bbox 276 1169 1803 1222; baseline -0.002 -10"><span class='ocrx_word' id='word_1_118' title='bbox 276 1172 418 1212; x_wconf 90' lang='lat' dir='ltr'>ciones</span> <span class='ocrx_word' id='word_1_119' title='bbox 440 1184 524 1211; x_wconf 91' lang='lat' dir='ltr'>non</span> <span class='ocrx_word' id='word_1_120' title='bbox 555 1177 657 1210; x_wconf 89' lang='lat' dir='ltr'>sunt</span> <span class='ocrx_word' id='word_1_121' title='bbox 682 1169 923 1209; x_wconf 85' lang='lat' dir='ltr'>adinvicem</span> <span class='ocrx_word' id='word_1_122' title='bbox 946 1169 1157 1219; x_wconf 83' lang='lat' dir='ltr'>ordinate,</span> <span class='ocrx_word' id='word_1_123' title='bbox 1179 1169 1290 1210; x_wconf 88' lang='lat' dir='ltr'>sicut</span> <span class='ocrx_word' id='word_1_124' title='bbox 1312 1170 1470 1211; x_wconf 91' lang='lat' dir='ltr'>sentire</span> <span class='ocrx_word' id='word_1_125' title='bbox 1492 1169 1734 1222; x_wconf 89' lang='lat' dir='ltr'>intelligere</span> <span class='ocrx_word' id='word_1_126' title='bbox 1761 1175 1803 1209; x_wconf 91' lang='lat' dir='ltr'>et</span> 
     </span>
     <span class='ocr_line' id='line_1_18' title="bbox 275 1238 1802 1293; baseline 0 -13"><span class='ocrx_word' id='word_1_127' title='bbox 275 1240 481 1293; x_wconf 81' lang='lat' dir='ltr'>vegetari,</span> <span class='ocrx_word' id='word_1_128' title='bbox 503 1246 567 1280; x_wconf 89' lang='lat' dir='ltr'>set</span> <span class='ocrx_word' id='word_1_129' title='bbox 589 1239 657 1280; x_wconf 87' lang='lat' dir='ltr'>hic</span> <span class='ocrx_word' id='word_1_130' title='bbox 681 1239 878 1279; x_wconf 86' lang='lat' dir='ltr'>ordinate</span> <span class='ocrx_word' id='word_1_131' title='bbox 900 1244 1012 1278; x_wconf 91' lang='lat' dir='ltr'>sunt.</span> <span class='ocrx_word' id='word_1_132' title='bbox 1077 1238 1122 1278; x_wconf 81' lang='lat' dir='ltr'>Si</span> <span class='ocrx_word' id='word_1_133' title='bbox 1153 1239 1365 1279; x_wconf 90' lang='lat' dir='ltr'>obiciatur</span> <span class='ocrx_word' id='word_1_134' title='bbox 1393 1240 1512 1292; x_wconf 87' lang='lat' dir='ltr'>quod</span> <span class='ocrx_word' id='word_1_135' title='bbox 1534 1238 1802 1280; x_wconf 86' lang='lat' dir='ltr'>Aristoteles</span> 
     </span>
     <span class='ocr_line' id='line_1_19' title="bbox 275 1307 1803 1361; baseline -0.001 -12"><span class='ocrx_word' id='word_1_136' title='bbox 275 1309 538 1349; x_wconf 89' lang='lat' dir='ltr'>determinat</span> <span class='ocrx_word' id='word_1_137' title='bbox 580 1308 621 1348; x_wconf 92' lang='lat' dir='ltr'>in</span> <span class='ocrx_word' id='word_1_138' title='bbox 665 1313 709 1361; x_wconf 80' lang='lat'>30</span> <span class='ocrx_word' id='word_1_139' title='bbox 749 1307 816 1346; x_wconf 81' lang='lat' dir='ltr'>De</span> <span class='ocrx_word' id='word_1_140' title='bbox 857 1307 1026 1347; x_wconf 78' lang='lat' dir='ltr'>Anima</span> <span class='ocrx_word' id='word_1_141' title='bbox 1068 1308 1122 1347; x_wconf 89' lang='lat' dir='ltr'>de</span> <span class='ocrx_word' id='word_1_142' title='bbox 1156 1307 1391 1358; x_wconf 87' lang='lat' dir='ltr'>intellectu,</span> <span class='ocrx_word' id='word_1_143' title='bbox 1427 1315 1470 1349; x_wconf 93' lang='lat' dir='ltr'>et</span> <span class='ocrx_word' id='word_1_144' title='bbox 1505 1308 1547 1348; x_wconf 85' lang='lat' dir='ltr'>in</span> <span class='ocrx_word' id='word_1_145' title='bbox 1584 1307 1694 1348; x_wconf 90' lang='lat' dir='ltr'>libro</span> <span class='ocrx_word' id='word_1_146' title='bbox 1736 1307 1803 1347; x_wconf 85' lang='lat' dir='ltr'>De</span> 
     </span>
     <span class='ocr_line' id='line_1_20' title="bbox 275 1375 1803 1429; baseline -0.001 -12"><span class='ocrx_word' id='word_1_147' title='bbox 275 1378 493 1418; x_wconf 68' lang='lat' dir='ltr'>fllemorz&#39;a</span> <span class='ocrx_word' id='word_1_148' title='bbox 522 1383 565 1417; x_wconf 79' lang='lat' dir='ltr'>et</span> <span class='ocrx_word' id='word_1_149' title='bbox 592 1375 935 1416; x_wconf 71' lang='lat' dir='ltr'>Re7122·722&#39;sce72c2‘a</span> <span class='ocrx_word' id='word_1_150' title='bbox 964 1376 1093 1417; x_wconf 90' lang='lat' dir='ltr'>docet</span> <span class='ocrx_word' id='word_1_151' title='bbox 1123 1377 1177 1417; x_wconf 90' lang='lat' dir='ltr'>de</span> <span class='ocrx_word' id='word_1_152' title='bbox 1205 1376 1286 1418; x_wconf 88' lang='lat' dir='ltr'>hac</span> <span class='ocrx_word' id='word_1_153' title='bbox 1312 1383 1435 1429; x_wconf 84' lang='lat' dir='ltr'>parte</span> <span class='ocrx_word' id='word_1_154' title='bbox 1461 1377 1604 1417; x_wconf 87' lang='lat' dir='ltr'>anime</span> <span class='ocrx_word' id='word_1_155' title='bbox 1625 1390 1710 1429; x_wconf 89' lang='lat' dir='ltr'>que</span> <span class='ocrx_word' id='word_1_156' title='bbox 1738 1382 1803 1416; x_wconf 88' lang='lat' dir='ltr'>est</span> 
     </span>
     <span class='ocr_line' id='line_1_21' title="bbox 274 1444 1801 1497; baseline -0.001 -12"><span class='ocrx_word' id='word_1_157' title='bbox 274 1445 605 1494; x_wconf 67' lang='lat' dir='ltr'>reminiscenda,</span> <span class='ocrx_word' id='word_1_158' title='bbox 643 1458 700 1485; x_wconf 80' lang='lat' dir='ltr'>ex</span> <span class='ocrx_word' id='word_1_159' title='bbox 741 1458 830 1496; x_wconf 90' lang='lat' dir='ltr'>quo</span> <span class='ocrx_word' id='word_1_160' title='bbox 870 1445 1044 1485; x_wconf 88' lang='lat' dir='ltr'>videtur</span> <span class='ocrx_word' id='word_1_161' title='bbox 1084 1444 1201 1497; x_wconf 88' lang='lat' dir='ltr'>quod</span> <span class='ocrx_word' id='word_1_162' title='bbox 1239 1445 1383 1496; x_wconf 88' lang='lat' dir='ltr'>plures</span> <span class='ocrx_word' id='word_1_163' title='bbox 1417 1452 1460 1485; x_wconf 89' lang='lat' dir='ltr'>et</span> <span class='ocrx_word' id='word_1_164' title='bbox 1496 1444 1667 1486; x_wconf 87' lang='lat' dir='ltr'>diverse</span> <span class='ocrx_word' id='word_1_165' title='bbox 1702 1450 1801 1485; x_wconf 90' lang='lat' dir='ltr'>sunt</span> 
     </span>
     <span class='ocr_line' id='line_1_22' title="bbox 273 1513 1802 1568; baseline -0.002 -13"><span class='ocrx_word' id='word_1_166' title='bbox 273 1519 418 1568; x_wconf 82' lang='lat' dir='ltr'>partes</span> <span class='ocrx_word' id='word_1_167' title='bbox 454 1514 607 1562; x_wconf 89' lang='lat' dir='ltr'>anime,</span> <span class='ocrx_word' id='word_1_168' title='bbox 639 1513 872 1553; x_wconf 91' lang='lat' dir='ltr'>dicendum</span> <span class='ocrx_word' id='word_1_169' title='bbox 906 1519 972 1554; x_wconf 89' lang='lat' dir='ltr'>est</span> <span class='ocrx_word' id='word_1_170' title='bbox 1003 1513 1119 1566; x_wconf 89' lang='lat' dir='ltr'>quod</span> <span class='ocrx_word' id='word_1_171' title='bbox 1154 1525 1239 1553; x_wconf 90' lang='lat' dir='ltr'>non</span> <span class='ocrx_word' id='word_1_172' title='bbox 1277 1519 1342 1553; x_wconf 83' lang='lat' dir='ltr'>est</span> <span class='ocrx_word' id='word_1_173' title='bbox 1375 1513 1603 1553; x_wconf 89' lang='lat' dir='ltr'>diversitas</span> <span class='ocrx_word' id='word_1_174' title='bbox 1638 1513 1720 1552; x_wconf 92' lang='lat' dir='ltr'>nisi</span> <span class='ocrx_word' id='word_1_175' title='bbox 1761 1513 1802 1552; x_wconf 91' lang='lat' dir='ltr'>in</span> 
     </span>
     <span class='ocr_line' id='line_1_23' title="bbox 273 1581 1800 1635; baseline -0.001 -13"><span class='ocrx_word' id='word_1_176' title='bbox 273 1582 532 1635; x_wconf 90' lang='lat' dir='ltr'>operacione</span> <span class='ocrx_word' id='word_1_177' title='bbox 566 1581 761 1634; x_wconf 88' lang='lat' dir='ltr'>ejusdem</span> <span class='ocrx_word' id='word_1_178' title='bbox 807 1581 1022 1634; x_wconf 91' lang='lat' dir='ltr'>potencie,</span> <span class='ocrx_word' id='word_1_179' title='bbox 1063 1587 1106 1621; x_wconf 92' lang='lat' dir='ltr'>et</span> <span class='ocrx_word' id='word_1_180' title='bbox 1147 1582 1202 1621; x_wconf 89' lang='lat' dir='ltr'>de</span> <span class='ocrx_word' id='word_1_181' title='bbox 1239 1594 1325 1620; x_wconf 90' lang='lat' dir='ltr'>una</span> <span class='ocrx_word' id='word_1_182' title='bbox 1362 1581 1621 1633; x_wconf 90' lang='lat' dir='ltr'>operacione</span> <span class='ocrx_word' id='word_1_183' title='bbox 1658 1581 1800 1622; x_wconf 88' lang='lat' dir='ltr'>deter-</span> 
     </span>
     <span class='ocr_line' id='line_1_24' title="bbox 273 1649 1800 1704; baseline -0.001 -14"><span class='ocrx_word' id='word_1_184' title='bbox 273 1651 409 1691; x_wconf 91' lang='lat' dir='ltr'>minat</span> <span class='ocrx_word' id='word_1_185' title='bbox 437 1649 443 1704; x_wconf 82' lang='grc'>1</span> <span class='ocrx_word' id='word_1_186' title='bbox 473 1655 515 1704; x_wconf 81' lang='lat'>3⁰</span> <span class='ocrx_word' id='word_1_187' title='bbox 543 1650 609 1690; x_wconf 82' lang='lat' dir='ltr'>De</span> <span class='ocrx_word' id='word_1_188' title='bbox 638 1650 820 1699; x_wconf 73' lang='lat' dir='ltr'>Anima,</span> <span class='ocrx_word' id='word_1_189' title='bbox 851 1656 894 1690; x_wconf 89' lang='lat' dir='ltr'>et</span> <span class='ocrx_word' id='word_1_190' title='bbox 926 1649 980 1690; x_wconf 92' lang='lat' dir='ltr'>de</span> <span class='ocrx_word' id='word_1_191' title='bbox 1013 1649 1097 1690; x_wconf 87' lang='lat' dir='ltr'>alia</span> <span class='ocrx_word' id='word_1_192' title='bbox 1129 1650 1229 1702; x_wconf 87' lang='lat' dir='ltr'>quia</span> <span class='ocrx_word' id='word_1_193' title='bbox 1262 1649 1391 1689; x_wconf 90' lang='lat' dir='ltr'>habet</span> <span class='ocrx_word' id='word_1_194' title='bbox 1423 1650 1725 1690; x_wconf 89' lang='lat' dir='ltr'>diversitatem</span> <span class='ocrx_word' id='word_1_195' title='bbox 1758 1655 1800 1690; x_wconf 91' lang='lat' dir='ltr'>et</span> 
     </span>
     <span class='ocr_line' id='line_1_25' title="bbox 270 1717 1799 1760; baseline -0.002 0"><span class='ocrx_word' id='word_1_196' title='bbox 270 1719 571 1760; x_wconf 86' lang='lat' dir='ltr'>difficultatem</span> <span class='ocrx_word' id='word_1_197' title='bbox 594 1718 909 1759; x_wconf 88' lang='lat' dir='ltr'>determinatur</span> <span class='ocrx_word' id='word_1_198' title='bbox 928 1719 968 1757; x_wconf 92' lang='lat' dir='ltr'>in</span> <span class='ocrx_word' id='word_1_199' title='bbox 987 1718 1073 1759; x_wconf 91' lang='lat' dir='ltr'>alio</span> <span class='ocrx_word' id='word_1_200' title='bbox 1095 1717 1217 1758; x_wconf 90' lang='lat' dir='ltr'>libro.</span> <span class='ocrx_word' id='word_1_201' title='bbox 1271 1717 1318 1758; x_wconf 81' lang='lat' dir='ltr'>Si</span> <span class='ocrx_word' id='word_1_202' title='bbox 1335 1731 1438 1758; x_wconf 90' lang='lat' dir='ltr'>vero</span> <span class='ocrx_word' id='word_1_203' title='bbox 1465 1717 1607 1757; x_wconf 87' lang='lat' dir='ltr'>adhuc</span> <span class='ocrx_word' id='word_1_204' title='bbox 1630 1717 1799 1758; x_wconf 89' lang='lat' dir='ltr'>dicatur</span> 
     </span>
     <span class='ocr_line' id='line_1_26' title="bbox 270 1786 1800 1840; baseline -0.001 -12"><span class='ocrx_word' id='word_1_205' title='bbox 270 1789 387 1840; x_wconf 89' lang='lat' dir='ltr'>quod</span> <span class='ocrx_word' id='word_1_206' title='bbox 421 1788 630 1828; x_wconf 89' lang='lat' dir='ltr'>memoria</span> <span class='ocrx_word' id='word_1_207' title='bbox 656 1788 773 1839; x_wconf 87' lang='lat' dir='ltr'>apud</span> <span class='ocrx_word' id='word_1_208' title='bbox 795 1786 1069 1828; x_wconf 87' lang='lat' dir='ltr'>Avicennam</span> <span class='ocrx_word' id='word_1_209' title='bbox 1099 1788 1276 1839; x_wconf 89' lang='lat' dir='ltr'>ponitur</span> <span class='ocrx_word' id='word_1_210' title='bbox 1305 1786 1478 1827; x_wconf 87' lang='lat' dir='ltr'>diversa</span> <span class='ocrx_word' id='word_1_211' title='bbox 1509 1787 1714 1839; x_wconf 91' lang='lat' dir='ltr'>potencia</span> <span class='ocrx_word' id='word_1_212' title='bbox 1743 1786 1800 1827; x_wconf 90' lang='lat' dir='ltr'>ab</span> 
     </span>
     <span class='ocr_line' id='line_1_27' title="bbox 271 1855 1799 1909; baseline -0.001 -13"><span class='ocrx_word' id='word_1_213' title='bbox 271 1857 551 1897; x_wconf 88' lang='lat' dir='ltr'>estimacione</span> <span class='ocrx_word' id='word_1_214' title='bbox 582 1863 672 1896; x_wconf 88' lang='lat' dir='ltr'>tam</span> <span class='ocrx_word' id='word_1_215' title='bbox 706 1856 748 1895; x_wconf 91' lang='lat' dir='ltr'>in</span> <span class='ocrx_word' id='word_1_216' title='bbox 781 1856 1039 1909; x_wconf 91' lang='lat' dir='ltr'>operacione</span> <span class='ocrx_word' id='word_1_217' title='bbox 1066 1869 1199 1908; x_wconf 87' lang='lat' dir='ltr'>quam</span> <span class='ocrx_word' id='word_1_218' title='bbox 1221 1855 1433 1908; x_wconf 89' lang='lat' dir='ltr'>subjecto,</span> <span class='ocrx_word' id='word_1_219' title='bbox 1455 1869 1556 1895; x_wconf 89' lang='lat' dir='ltr'>nam</span> <span class='ocrx_word' id='word_1_220' title='bbox 1590 1855 1799 1896; x_wconf 87' lang='lat' dir='ltr'>memoria</span> 
     </span>
     <span class='ocr_line' id='line_1_28' title="bbox 273 1923 1800 1978; baseline 0.001 -14"><span class='ocrx_word' id='word_1_221' title='bbox 273 1931 337 1965; x_wconf 87' lang='lat' dir='ltr'>est</span> <span class='ocrx_word' id='word_1_222' title='bbox 370 1925 412 1964; x_wconf 92' lang='lat' dir='ltr'>in</span> <span class='ocrx_word' id='word_1_223' title='bbox 445 1925 672 1977; x_wconf 88' lang='lat' dir='ltr'>posteriori</span> <span class='ocrx_word' id='word_1_224' title='bbox 705 1932 829 1978; x_wconf 91' lang='lat' dir='ltr'>parte</span> <span class='ocrx_word' id='word_1_225' title='bbox 863 1924 1012 1965; x_wconf 90' lang='lat' dir='ltr'>ultime</span> <span class='ocrx_word' id='word_1_226' title='bbox 1048 1925 1332 1965; x_wconf 85' lang='lat' dir='ltr'>concavitatis</span> <span class='ocrx_word' id='word_1_227' title='bbox 1365 1923 1529 1964; x_wconf 91' lang='lat' dir='ltr'>cerebri</span> <span class='ocrx_word' id='word_1_228' title='bbox 1564 1931 1608 1965; x_wconf 94' lang='lat' dir='ltr'>et</span> <span class='ocrx_word' id='word_1_229' title='bbox 1644 1924 1800 1965; x_wconf 89' lang='lat' dir='ltr'>retinet</span> 
     </span>
     <span class='ocr_line' id='line_1_29' title="bbox 275 1992 1799 2047; baseline -0.001 -13"><span class='ocrx_word' id='word_1_230' title='bbox 275 1994 453 2047; x_wconf 88' lang='lat' dir='ltr'>species,</span> <span class='ocrx_word' id='word_1_231' title='bbox 487 1993 735 2034; x_wconf 89' lang='lat' dir='ltr'>estimativa</span> <span class='ocrx_word' id='word_1_232' title='bbox 769 1999 834 2034; x_wconf 90' lang='lat' dir='ltr'>est</span> <span class='ocrx_word' id='word_1_233' title='bbox 872 1994 914 2033; x_wconf 95' lang='lat' dir='ltr'>in</span> <span class='ocrx_word' id='word_1_234' title='bbox 952 1994 1092 2046; x_wconf 88' lang='lat' dir='ltr'>prima</span> <span class='ocrx_word' id='word_1_235' title='bbox 1129 2000 1252 2046; x_wconf 89' lang='lat' dir='ltr'>parte</span> <span class='ocrx_word' id='word_1_236' title='bbox 1289 1992 1403 2033; x_wconf 90' lang='lat' dir='ltr'>illius</span> <span class='ocrx_word' id='word_1_237' title='bbox 1438 1993 1722 2034; x_wconf 86' lang='lat' dir='ltr'>concavitatis</span> <span class='ocrx_word' id='word_1_238' title='bbox 1757 2000 1799 2033; x_wconf 92' lang='lat' dir='ltr'>et</span> 
     </span>
     <span class='ocr_line' id='line_1_30' title="bbox 275 2061 1800 2116; baseline -0.001 -14"><span class='ocrx_word' id='word_1_239' title='bbox 275 2062 427 2116; x_wconf 91' lang='lat' dir='ltr'>recipit</span> <span class='ocrx_word' id='word_1_240' title='bbox 447 2062 623 2115; x_wconf 85' lang='lat' dir='ltr'>speeies,</span> <span class='ocrx_word' id='word_1_241' title='bbox 641 2068 683 2103; x_wconf 90' lang='lat' dir='ltr'>et</span> <span class='ocrx_word' id='word_1_242' title='bbox 700 2075 787 2102; x_wconf 93' lang='lat' dir='ltr'>non</span> <span class='ocrx_word' id='word_1_243' title='bbox 804 2069 869 2103; x_wconf 92' lang='lat' dir='ltr'>est</span> <span class='ocrx_word' id='word_1_244' title='bbox 887 2063 1002 2103; x_wconf 92' lang='lat' dir='ltr'>idem</span> <span class='ocrx_word' id='word_1_245' title='bbox 1021 2062 1207 2114; x_wconf 89' lang='lat' dir='ltr'>recipere</span> <span class='ocrx_word' id='word_1_246' title='bbox 1229 2068 1272 2102; x_wconf 93' lang='lat' dir='ltr'>et</span> <span class='ocrx_word' id='word_1_247' title='bbox 1294 2061 1487 2108; x_wconf 85' lang='lat' dir='ltr'>retinere,</span> <span class='ocrx_word' id='word_1_248' title='bbox 1507 2067 1554 2101; x_wconf 92' lang='lat' dir='ltr'>ut</span> <span class='ocrx_word' id='word_1_249' title='bbox 1573 2061 1800 2101; x_wconf 86' lang='lat' dir='ltr'>Avicenna</span> 
     </span>
     <span class='ocr_line' id='line_1_31' title="bbox 276 2130 1798 2184; baseline -0.002 -12"><span class='ocrx_word' id='word_1_250' title='bbox 276 2132 398 2183; x_wconf 90' lang='lat' dir='ltr'>ponit</span> <span class='ocrx_word' id='word_1_251' title='bbox 421 2131 673 2184; x_wconf 82' lang='lat' dir='ltr'>exemplum</span> <span class='ocrx_word' id='word_1_252' title='bbox 698 2132 740 2171; x_wconf 91' lang='lat' dir='ltr'>in</span> <span class='ocrx_word' id='word_1_253' title='bbox 764 2145 862 2172; x_wconf 82' lang='lat' dir='ltr'>cera</span> <span class='ocrx_word' id='word_1_254' title='bbox 890 2145 975 2184; x_wconf 89' lang='lat' dir='ltr'>que</span> <span class='ocrx_word' id='word_1_255' title='bbox 1008 2130 1159 2184; x_wconf 89' lang='lat' dir='ltr'>recipit</span> <span class='ocrx_word' id='word_1_256' title='bbox 1190 2136 1233 2170; x_wconf 90' lang='lat' dir='ltr'>et</span> <span class='ocrx_word' id='word_1_257' title='bbox 1260 2131 1415 2171; x_wconf 89' lang='lat' dir='ltr'>retinet</span> <span class='ocrx_word' id='word_1_258' title='bbox 1441 2138 1484 2170; x_wconf 92' lang='lat' dir='ltr'>et</span> <span class='ocrx_word' id='word_1_259' title='bbox 1511 2130 1552 2169; x_wconf 92' lang='lat' dir='ltr'>in</span> <span class='ocrx_word' id='word_1_260' title='bbox 1578 2143 1692 2182; x_wconf 89' lang='lat' dir='ltr'>aqua</span> <span class='ocrx_word' id='word_1_261' title='bbox 1714 2143 1798 2182; x_wconf 91' lang='lat' dir='ltr'>que</span> 
     </span>
    </p>
   </div>
   <div class='ocr_carea' id='block_1_6' title="bbox 1827 839 1865 862">
    <p class='ocr_par' dir='ltr' id='par_1_7' title="bbox 1827 839 1865 862">
     <span class='ocr_line' id='line_1_32' title="bbox 1827 839 1865 862; baseline 0.026 -1"><span class='ocrx_word' id='word_1_262' title='bbox 1827 839 1865 862; x_wconf 86' lang='lat'>10</span> 
     </span>
    </p>
   </div>
   <div class='ocr_carea' id='block_1_7' title="bbox 1825 1183 1861 1215">
    <p class='ocr_par' dir='ltr' id='par_1_8' title="bbox 1825 1183 1861 1215">
     <span class='ocr_line' id='line_1_33' title="bbox 1825 1183 1861 1215; baseline 0 0"><span class='ocrx_word' id='word_1_263' title='bbox 1825 1183 1861 1215; x_wconf 83' lang='lat'>¹5</span> 
     </span>
    </p>
   </div>
   <div class='ocr_carea' id='block_1_8' title="bbox 1823 1528 1863 1549">
    <p class='ocr_par' dir='ltr' id='par_1_9' title="bbox 1823 1528 1863 1549">
     <span class='ocr_line' id='line_1_34' title="bbox 1823 1528 1863 1549; baseline 0.025 -1"><span class='ocrx_word' id='word_1_264' title='bbox 1823 1528 1863 1549; x_wconf 87' lang='lat'>20</span> 
     </span>
    </p>
   </div>
   <div class='ocr_carea' id='block_1_9' title="bbox 275 2197 1857 2255">
    <p class='ocr_par' dir='ltr' id='par_1_10' title="bbox 275 2197 1857 2255">
     <span class='ocr_line' id='line_1_35' title="bbox 275 2197 1857 2255; baseline -0.001 -16"><span class='ocrx_word' id='word_1_265' title='bbox 275 2200 426 2253; x_wconf 87' lang='lat' dir='ltr'>recipit</span> <span class='ocrx_word' id='word_1_266' title='bbox 458 2206 628 2240; x_wconf 90' lang='lat' dir='ltr'>tantum</span> <span class='ocrx_word' id='word_1_267' title='bbox 661 2199 722 2255; x_wconf 89' lang='lat' dir='ltr'>(et</span> <span class='ocrx_word' id='word_1_268' title='bbox 759 2200 838 2242; x_wconf 92' lang='lat' dir='ltr'>hec</span> <span class='ocrx_word' id='word_1_269' title='bbox 875 2207 1030 2254; x_wconf 89' lang='lat' dir='ltr'>patent</span> <span class='ocrx_word' id='word_1_270' title='bbox 1067 2214 1124 2240; x_wconf 85' lang='lat' dir='ltr'>ex</span> <span class='ocrx_word' id='word_1_271' title='bbox 1156 2199 1366 2253; x_wconf 89' lang='lat' dir='ltr'>principio</span> <span class='ocrx_word' id='word_1_272' title='bbox 1397 2197 1700 2253; x_wconf 76' lang='lat' dir='ltr'>Perspectz&#39;ve),</span> <span class='ocrx_word' id='word_1_273' title='bbox 1732 2204 1797 2238; x_wconf 90' lang='lat' dir='ltr'>set</span> <span class='ocrx_word' id='word_1_274' title='bbox 1816 2212 1857 2243; x_wconf 83' lang='lat'>30</span> 
     </span>
    </p>
   </div>
   <div class='ocr_carea' id='block_1_10' title="bbox 271 2266 1796 2527">
    <p class='ocr_par' dir='ltr' id='par_1_11' title="bbox 271 2266 1796 2527">
     <span class='ocr_line' id='line_1_36' title="bbox 274 2266 1796 2318; baseline -0.001 -10"><span class='ocrx_word' id='word_1_275' title='bbox 274 2269 497 2309; x_wconf 85' lang='lat' dir='ltr'>estimacio</span> <span class='ocrx_word' id='word_1_276' title='bbox 512 2276 576 2310; x_wconf 89' lang='lat' dir='ltr'>est</span> <span class='ocrx_word' id='word_1_277' title='bbox 591 2269 685 2310; x_wconf 89' lang='lat' dir='ltr'>loco</span> <span class='ocrx_word' id='word_1_278' title='bbox 700 2269 946 2310; x_wconf 89' lang='lat' dir='ltr'>intellectus</span> <span class='ocrx_word' id='word_1_279' title='bbox 961 2269 1004 2308; x_wconf 91' lang='lat' dir='ltr'>in</span> <span class='ocrx_word' id='word_1_280' title='bbox 1020 2269 1168 2318; x_wconf 89' lang='lat' dir='ltr'>brutis,</span> <span class='ocrx_word' id='word_1_281' title='bbox 1183 2268 1470 2308; x_wconf 84' lang='lat' dir='ltr'>utAvicenna</span> <span class='ocrx_word' id='word_1_282' title='bbox 1484 2269 1614 2308; x_wconf 87' lang='lat' dir='ltr'>docet</span> <span class='ocrx_word' id='word_1_283' title='bbox 1628 2268 1671 2307; x_wconf 89' lang='lat' dir='ltr'>in</span> <span class='ocrx_word' id='word_1_284' title='bbox 1685 2266 1796 2307; x_wconf 90' lang='lat' dir='ltr'>libro</span> 
     </span>
     <span class='ocr_line' id='line_1_37' title="bbox 272 2335 1796 2389; baseline 0 -14"><span class='ocrx_word' id='word_1_285' title='bbox 272 2336 339 2376; x_wconf 79' lang='lat' dir='ltr'>De</span> <span class='ocrx_word' id='word_1_286' title='bbox 359 2337 638 2378; x_wconf 78' lang='lat' dir='ltr'>Animalibus</span> <span class='ocrx_word' id='word_1_287' title='bbox 666 2344 709 2378; x_wconf 85' lang='lat' dir='ltr'>et</span> <span class='ocrx_word' id='word_1_288' title='bbox 738 2338 1060 2378; x_wconf 88' lang='lat' dir='ltr'>reminiscencia</span> <span class='ocrx_word' id='word_1_289' title='bbox 1089 2337 1323 2389; x_wconf 89' lang='lat' dir='ltr'>respondet</span> <span class='ocrx_word' id='word_1_290' title='bbox 1353 2336 1571 2387; x_wconf 89' lang='lat' dir='ltr'>memorie,</span> <span class='ocrx_word' id='word_1_291' title='bbox 1593 2349 1696 2388; x_wconf 82' lang='lat' dir='ltr'>ergo</span> <span class='ocrx_word' id='word_1_292' title='bbox 1717 2335 1796 2375; x_wconf 88' lang='lat' dir='ltr'>erit</span> 
     </span>
     <span class='ocr_line' id='line_1_38' title="bbox 273 2404 1795 2456; baseline -0.001 -10"><span class='ocrx_word' id='word_1_293' title='bbox 273 2406 440 2447; x_wconf 90' lang='lat' dir='ltr'>diversa</span> <span class='ocrx_word' id='word_1_294' title='bbox 462 2406 518 2446; x_wconf 91' lang='lat' dir='ltr'>ab</span> <span class='ocrx_word' id='word_1_295' title='bbox 541 2406 762 2447; x_wconf 89' lang='lat' dir='ltr'>intellectu</span> <span class='ocrx_word' id='word_1_296' title='bbox 789 2407 899 2447; x_wconf 90' lang='lat' dir='ltr'>sicut</span> <span class='ocrx_word' id='word_1_297' title='bbox 923 2406 1135 2447; x_wconf 90' lang='lat' dir='ltr'>memoria</span> <span class='ocrx_word' id='word_1_298' title='bbox 1152 2406 1208 2446; x_wconf 89' lang='lat' dir='ltr'>ab</span> <span class='ocrx_word' id='word_1_299' title='bbox 1226 2404 1530 2446; x_wconf 89' lang='lat' dir='ltr'>estimacione:</span> <span class='ocrx_word' id='word_1_300' title='bbox 1554 2404 1795 2456; x_wconf 91' lang='lat' dir='ltr'>respondeo</span> 
     </span>
     <span class='ocr_line' id='line_1_39' title="bbox 271 2472 1795 2527; baseline -0.002 -13"><span class='ocrx_word' id='word_1_301' title='bbox 271 2475 389 2527; x_wconf 87' lang='lat' dir='ltr'>quod</span> <span class='ocrx_word' id='word_1_302' title='bbox 432 2475 670 2515; x_wconf 90' lang='lat' dir='ltr'>secundum</span> <span class='ocrx_word' id='word_1_303' title='bbox 716 2475 943 2516; x_wconf 89' lang='lat' dir='ltr'>veritatem</span> <span class='ocrx_word' id='word_1_304' title='bbox 986 2473 1196 2515; x_wconf 87' lang='lat' dir='ltr'>memoria</span> <span class='ocrx_word' id='word_1_305' title='bbox 1238 2479 1281 2513; x_wconf 91' lang='lat' dir='ltr'>et</span> <span class='ocrx_word' id='word_1_306' title='bbox 1323 2472 1545 2514; x_wconf 87' lang='lat' dir='ltr'>estimacio</span> <span class='ocrx_word' id='word_1_307' title='bbox 1577 2478 1679 2512; x_wconf 92' lang='lat' dir='ltr'>sunt</span> <span class='ocrx_word' id='word_1_308' title='bbox 1711 2485 1795 2512; x_wconf 89' lang='lat' dir='ltr'>una</span> 
     </span>
    </p>
   </div>
   <div class='ocr_carea' id='block_1_11' title="bbox 270 2541 1852 2596">
    <p class='ocr_par' dir='ltr' id='par_1_12' title="bbox 270 2541 1852 2596">
     <span class='ocr_line' id='line_1_40' title="bbox 270 2541 1852 2596; baseline -0.001 -14"><span class='ocrx_word' id='word_1_309' title='bbox 270 2543 403 2583; x_wconf 87' lang='lat' dir='ltr'>virtus</span> <span class='ocrx_word' id='word_1_310' title='bbox 425 2544 660 2584; x_wconf 85' lang='lat' dir='ltr'>secundum</span> <span class='ocrx_word' id='word_1_311' title='bbox 684 2544 977 2584; x_wconf 87' lang='lat' dir='ltr'>substanciam</span> <span class='ocrx_word' id='word_1_312' title='bbox 996 2557 1081 2596; x_wconf 89' lang='lat' dir='ltr'>que</span> <span class='ocrx_word' id='word_1_313' title='bbox 1103 2542 1293 2583; x_wconf 84' lang='lat' dir='ltr'>diversas</span> <span class='ocrx_word' id='word_1_314' title='bbox 1316 2541 1597 2595; x_wconf 89' lang='lat' dir='ltr'>operaciones</span> <span class='ocrx_word' id='word_1_315' title='bbox 1619 2546 1793 2581; x_wconf 85' lang='lat' dir='ltr'>exercet</span> <span class='ocrx_word' id='word_1_316' title='bbox 1813 2554 1852 2586; x_wconf 86' lang='lat'>35</span> 
     </span>
    </p>
   </div>
   <div class='ocr_carea' id='block_1_12' title="bbox 269 2671 1795 2816">
    <p class='ocr_par' dir='ltr' id='par_1_13' title="bbox 269 2671 1795 2816">
     <span class='ocr_line' id='line_1_41' title="bbox 316 2671 1795 2716; baseline -0.001 -12"><span class='ocrx_word' id='word_1_317' title='bbox 316 2685 351 2713; x_wconf 90' lang='lat'>17</span> <span class='ocrx_word' id='word_1_318' title='bbox 378 2677 431 2705; x_wconf 83' lang='lat' dir='ltr'>De</span> <span class='ocrx_word' id='word_1_319' title='bbox 448 2675 601 2716; x_wconf 85' lang='lat' dir='ltr'>Anima]</span> <span class='ocrx_word' id='word_1_320' title='bbox 620 2675 681 2706; x_wconf 91' lang='lat' dir='ltr'>loc.</span> <span class='ocrx_word' id='word_1_321' title='bbox 702 2676 756 2707; x_wconf 91' lang='lat' dir='ltr'>cit.</span> <span class='ocrx_word' id='word_1_322' title='bbox 1057 2677 1111 2706; x_wconf 87' lang='lat' dir='ltr'>De</span> <span class='ocrx_word' id='word_1_323' title='bbox 1129 2676 1311 2705; x_wconf 77' lang='lat' dir='ltr'>Memoria.</span> <span class='ocrx_word' id='word_1_324' title='bbox 1326 2677 1363 2704; x_wconf 79' lang='lat' dir='ltr'>et</span> <span class='ocrx_word' id='word_1_325' title='bbox 1381 2671 1699 2712; x_wconf 82' lang='lat' dir='ltr'>Reminiseeneia]</span> <span class='ocrx_word' id='word_1_326' title='bbox 1717 2682 1744 2703; x_wconf 87' lang='lat' dir='ltr'>c.</span> <span class='ocrx_word' id='word_1_327' title='bbox 1762 2671 1795 2703; x_wconf 90' lang='lat' dir='ltr'>ii.</span> 
     </span>
     <span class='ocr_line' id='line_1_42' title="bbox 269 2722 1794 2768; baseline -0.001 -13"><span class='ocrx_word' id='word_1_328' title='bbox 269 2736 310 2764; x_wconf 85' lang='lat'>30</span> <span class='ocrx_word' id='word_1_329' title='bbox 334 2727 591 2767; x_wconf 78' lang='lat' dir='ltr'>Perspeetive]</span> <span class='ocrx_word' id='word_1_330' title='bbox 619 2727 682 2767; x_wconf 77' lang='lat' dir='ltr'>Op.</span> <span class='ocrx_word' id='word_1_331' title='bbox 704 2726 783 2768; x_wconf 81' lang='lat' dir='ltr'>Maj.</span> <span class='ocrx_word' id='word_1_332' title='bbox 802 2727 836 2758; x_wconf 87' lang='lat' dir='ltr'>ii.</span> <span class='ocrx_word' id='word_1_333' title='bbox 854 2736 883 2766; x_wconf 85' lang='lat'>5,</span> <span class='ocrx_word' id='word_1_334' title='bbox 908 2737 957 2766; x_wconf 73' lang='lat'>10,</span> <span class='ocrx_word' id='word_1_335' title='bbox 977 2726 1029 2758; x_wconf 86' lang='lat' dir='ltr'>ed.</span> <span class='ocrx_word' id='word_1_336' title='bbox 1048 2725 1201 2765; x_wconf 88' lang='lat' dir='ltr'>Bridges.</span> <span class='ocrx_word' id='word_1_337' title='bbox 1401 2735 1442 2764; x_wconf 85' lang='lat'>32</span> <span class='ocrx_word' id='word_1_338' title='bbox 1468 2727 1522 2755; x_wconf 85' lang='lat' dir='ltr'>De</span> <span class='ocrx_word' id='word_1_339' title='bbox 1539 2722 1794 2764; x_wconf 83' lang='lat' dir='ltr'>Animalibus]</span> 
     </span>
     <span class='ocr_line' id='line_1_43' title="bbox 270 2787 369 2816; baseline 0.03 -11"><span class='ocrx_word' id='word_1_340' title='bbox 270 2788 325 2807; x_wconf 72' lang='grc' dir='ltr'>ΧΗ.</span> <span class='ocrx_word' id='word_1_341' title='bbox 342 2787 369 2816; x_wconf 82' lang='grc'>7.</span> 
     </span>
    </p>
   </div>
  </div>
 </body>
</html>
