1898 3126
809 93 885 134 191

83 199 179 239 loco
217 211 293 250 per
332 211 392 238 se.
456 196 604 236 Partes
641 194 772 242 enim,
811 201 854 234 et
898 193 1093 233 maxime
1135 192 1359 232 interiores
1399 205 1484 244 que
1525 205 1610 231 non

85 271 272 320 tangunt
302 263 575 317 superficiem
608 262 805 314 locantis,
836 275 924 301 non
952 267 1051 301 sunt
1079 261 1121 300 in
1152 260 1262 308 loco,
1294 259 1373 299 nisi
1401 272 1478 312 per
1505 259 1612 300 acci-

84 335 202 383 dens,
243 333 419 385 scilicet,
454 346 531 385 per
560 344 686 372 suum
718 336 876 378 totum,
908 335 951 370 et
983 329 1094 376 ideo,
1127 341 1214 368 non
1247 328 1483 380 respondet
1515 340 1612 380 pro-

84 403 218 443 fundo
271 402 401 443 locati
453 400 617 453 aliquid
666 398 931 453 profundum
979 397 1090 438 loci:
1141 403 1208 437 set
1249 396 1321 436 illa
1367 395 1613 448 superficies

48 489 64 521 5
85 469 268 512 locantis
307 482 393 522 que
435 468 752 509 circumscribit
784 466 974 508 locatum
1009 465 1201 506 exterius
1234 478 1311 518 per
1341 477 1399 514 se,
1431 465 1612 505 circum-

84 537 232 580 scribit
254 537 433 579 interius
453 544 497 578 et
519 535 785 589 profundum
808 535 1076 583 secundario,
1099 533 1319 574 mediante
1340 533 1558 573 exteriori.

144 604 190 646 Si
218 606 414 647 dicatur:
448 606 565 657 quod
599 604 844 653 locandum,
866 603 1045 656 quando
1072 602 1313 655 ingreditur
1344 601 1480 642 latera
1511 614 1615 642 con·

85 675 274 724 tinentis‚
296 680 371 715 aut
404 674 608 727 recipitur
640 674 682 713 in
714 673 825 713 alico
857 678 932 712 aut
965 673 1006 711 in
1040 670 1229 719 nichilo;
1261 675 1326 711 set
1358 683 1445 710 non
1472 676 1613 723 potest

87 743 130 783 in
161 742 336 793 nichilo,
374 742 475 795 quia
506 741 638 782 nichil
671 755 757 782 non
794 741 928 781 habet
964 740 1215 793 potenciam
1259 739 1495 791 recipiendi
1537 751 1615 778 nec

29 831 66 853 10
85 812 336 853 continendi
366 810 543 864 aliquid,
565 824 682 863 ergo,
704 811 745 849 in
772 810 883 851 alico
916 809 1132 862 recipitur,
1154 814 1219 849 set
1247 807 1382 864 nichil
1407 813 1472 848 est
1505 807 1615 847 inter

85 880 222 921 latera
247 879 509 920 continentis
532 880 575 919 in
599 892 687 931 quo
710 879 842 931 recipi
865 878 1038 931 poterit,
1059 876 1062 932 l
1087 878 1168 918 nisi
1195 890 1411 930 ponamus
1434 876 1611 929 aliquod
1639 887 1649 893 ·

85 949 281 1002 spacium
324 948 435 987 inter
471 961 551 997 ea;
603 960 719 1000 ergo,
760 947 934 987 videtur
975 952 1177 1000 oportere
1218 946 1321 998 poni
1362 945 1613 997 hujusmodi

85 1017 294 1071 spacium.
357 1016 606 1057 Dicendum
648 1022 713 1056 est
757 1016 874 1068 quod
918 1029 1003 1055 non
1043 1015 1171 1067 valet,
1205 1028 1304 1055 nam
1342 1028 1441 1055 cum
1476 1014 1617 1066 querit

85 1091 160 1126 aut
196 1085 400 1138 recipitur
435 1085 476 1124 in
513 1084 624 1125 alico
657 1090 733 1125 aut
766 1085 808 1124 in
846 1085 1019 1132 nichilo,
1050 1084 1149 1124 dico
1182 1085 1300 1136 quod
1333 1084 1375 1122 in
1407 1083 1531 1132 alico,
1553 1089 1619 1123 set

31 1173 65 1205 15
86 1154 202 1196 istud
224 1153 389 1206 aliquid
410 1160 475 1193 est
497 1166 688 1193 concava
709 1153 957 1207 superficies
980 1153 1175 1200 locantis‚
1193 1158 1235 1192 et
1257 1151 1388 1191 nichil
1409 1152 1450 1191 in
1470 1151 1616 1192 medio

87 1223 198 1263 inter
215 1222 350 1263 latera
373 1222 476 1275 ejus,
501 1235 599 1261 cum
623 1222 754 1262 nichil
776 1223 833 1262 sit
854 1223 895 1262 in
919 1222 1064 1263 medio
1086 1221 1165 1261 nisi
1188 1234 1343 1272 corpus
1366 1219 1571 1260 locatum.

145 1291 317 1332 Deinde
363 1291 634 1343 querendum
676 1298 741 1332 est
782 1292 988 1341 secundo,
1023 1304 1078 1331 an
1111 1289 1231 1330 locus
1272 1290 1327 1329 sit
1367 1288 1615 1342 superficies

86 1373 276 1402 concava
317 1359 514 1410 locantis,
550 1360 661 1400 sicut
698 1373 812 1400 nunc
846 1359 1122 1413 suppositum
1154 1365 1243 1398 est:
1288 1364 1332 1399 et
1368 1364 1489 1410 patet
1522 1356 1616 1406 hoc,

87 1442 162 1481 per
183 1427 472 1470 Aristotelem
494 1429 709 1469 dicentem
733 1429 851 1481 quod
873 1428 992 1468 locus
1013 1434 1079 1468 est
1111 1427 1313 1467 ultimum
1342 1426 1615 1473 continentis,

31 1515 69 1536 20
87 1503 152 1538 set
194 1497 396 1538 ultimum
453 1498 713 1538 continentis
753 1503 819 1538 est
866 1496 1126 1550 superficies
1210 1495 1337 1545 Item,
1377 1495 1617 1547 Averroys‚

88 1571 133 1618 50
165 1565 490 1620 llletlmpllz‘sz'ce‚
517 1566 622 1606 dicit
658 1566 778 1619 quod
809 1565 1070 1607 Aristoteles
1102 1578 1188 1606 non
1217 1570 1443 1605 enumerat
1472 1563 1616 1604 locum

89 1635 199 1676 inter
233 1635 399 1688 species
436 1635 706 1687 quantitatis,
743 1635 844 1688 quia
882 1648 967 1675 non
1006 1640 1070 1674 est
1106 1633 1223 1674 aliud
1258 1646 1284 1673 a
1316 1631 1554 1685 superficie,
1578 1638 1619 1672 et

90 1704 187 1744 ideo
209 1702 366 1744 sufficit
388 1703 426 1743 ei
449 1716 610 1756 ponere
635 1702 907 1756 superficiem
927 1716 934 1752 3
967 1710 1010 1744 et
1032 1702 1300 1756 superfluum
1323 1707 1435 1742 esset
1457 1701 1618 1742 addere

89 1773 246 1813 locum.
309 1772 433 1818 Item,
448 1785 547 1811 cum
565 1785 652 1811 non
675 1785 905 1824 possumus
926 1772 995 1812 hic
1018 1771 1264 1824 ymaginari
1287 1770 1429 1811 locum
1453 1769 1618 1822 aliquid

32 1857 69 1888 25
89 1854 192 1892 esse,
213 1841 294 1880 nisi
316 1841 511 1894 spacium
530 1841 641 1880 inter
670 1840 805 1881 latera
836 1841 1098 1881 continentis
1124 1839 1192 1880 vel
1215 1840 1356 1892 ipsum
1380 1839 1619 1887 continens,

90 1915 207 1959 tunc,
243 1923 341 1949 cum
374 1909 493 1949 locus
529 1922 615 1949 non
653 1915 718 1949 est
752 1910 948 1961 spacium
982 1909 1175 1961 aliquod,
1202 1908 1303 1960 quia
1337 1907 1504 1947 nullum
1538 1907 1620 1946 erit

91 1979 178 2019 tale
219 1979 428 2032 spacium,
470 1978 552 2019 erit
593 1979 819 2018 continens
860 1978 928 2018 vel
980 1977 1144 2030 aliquid
1186 1975 1460 2018 continentis
1541 1973 1618 2016 Set

89 2061 188 2090 cum
231 2047 460 2099 loquamur
501 2047 569 2086 hic
612 2048 667 2087 de
710 2046 805 2087 loco
848 2053 895 2087 ut
928 2053 993 2087 est
1026 2046 1258 2100 quantitas,
1288 2058 1375 2086 non
1407 2045 1487 2085 erit
1519 2045 1618 2084 sub-

91 2117 258 2159 stancia
299 2115 588 2164 continentis;
631 2129 747 2168 ergo,
784 2115 875 2168 ejus
912 2116 992 2156 erit
1028 2115 1275 2169 superficies
1313 2115 1535 2155 continens
1577 2121 1621 2154 et

33 2198 74 2230 30
92 2185 461 2228 circumscribens.
527 2183 574 2225 Si
613 2184 840 2236 obiciatur,
875 2184 994 2237 quod
1032 2183 1295 2224 Aristoteles
1333 2184 1374 2223 in
1409 2182 1620 2222 Predica-

93 2255 250 2296 mentis
270 2253 500 2306 distinguit
526 2252 670 2293 locum
701 2266 726 2293 a
751 2253 990 2306 superficie,
1022 2253 1255 2294 dicendum
1285 2258 1364 2304 est,
1392 2252 1510 2304 quod
1539 2251 1621 2291 hoc

94 2324 196 2364 facit
236 2323 348 2363 sicut
390 2321 567 2375 logicus,
609 2322 682 2374 qui
731 2320 1058 2375 superficialiter
1098 2321 1302 2373 loquitur,
1343 2320 1620 2360 considerans

98 2391 289 2443 aliquam
326 2391 583 2431 varietatem
632 2403 763 2441 quam
812 2390 935 2430 addit
975 2388 1096 2430 locus
1140 2389 1395 2441 superficiei,
1438 2388 1537 2428 licet
1580 2388 1621 2427 in

139 2521 177 2541 21
204 2508 494 2549 Methapffisice]
513 2518 571 2539 see
584 2518 614 2538 v.
632 2508 670 2538 18
684 2517 779 2547 com.5
793 2506 849 2538 but
863 2507 931 2537 this
950 2507 977 2537 is
994 2511 1051 2537 not
1069 2506 1256 2546 expressed
1270 2506 1303 2535 in
1318 2506 1375 2536 the
1388 2505 1523 2545 printed
1537 2509 1621 2536 text.

94 2572 136 2600 30
159 2559 472 2600 Predieamentis]
490 2560 532 2590 de
549 2564 685 2599 quanto.

141 2676 160 2705 3
186 2670 292 2696 totum
309 2675 374 2696 om.
392 2664 427 2694 D
575 2675 617 2694 20
640 2663 856 2703 superficies]
874 2663 1072 2702 superficies
1091 2663 1162 2700 ejus
1178 2661 1211 2691 F
1361 2672 1399 2691 21
1429 2671 1495 2692 non
1512 2671 1577 2692 om.
1596 2661 1628 2690 F

96 2715 289 2757 enumerat]
307 2715 515 2746 enumeravit
530 2714 595 2745 FD
711 2724 753 2752 24
777 2714 848 2755 hic]
866 2714 930 2745 hoc
947 2713 981 2743 D
1083 2715 1124 2744 26
1149 2712 1231 2753 erit]
1250 2718 1302 2744 est
1319 2713 1351 2743 F
1449 2723 1490 2752 33
1513 2713 1624 2753 locus]

95 2768 190 2799 locus
208 2772 364 2807 respectu
380 2766 444 2797 FD
532 2767 625 2808 licet]
642 2772 691 2798 set
708 2767 743 2796 D
