1898 3126
37 875 75 895 10

38 1564 77 1585 20

38 2251 79 2281 30

814 130 892 182 289

97 241 363 282 intellectum
393 248 519 282 vocet
547 242 616 282 hic
646 256 735 283 rem
769 243 1031 284 intellectam
1063 250 1110 284 ut
1141 258 1195 284 ex
1228 258 1278 284 ea
1309 251 1352 285 et
1385 244 1603 285 intellectu
1625 247 1746 286 84³1-

96 310 171 351 fiat
192 311 367 351 omnino
390 324 539 353 unum.
602 311 862 353 Manifestus
885 318 949 352 est
981 326 1108 361 error,
1131 327 1231 353 nam
1259 320 1360 353 tunc
1382 327 1438 353 ex
1461 314 1605 354 anima

95 387 138 419 et
174 379 317 432 lapide
348 378 469 420 fieret
507 393 637 419 unum
670 394 769 421 vere
801 388 844 421 et
877 395 933 421 ex
969 382 1121 422 eadem
1155 381 1300 422 anima
1334 389 1376 422 et
1414 396 1526 434 equo
1564 389 1606 422 et

95 448 188 489 celo
216 455 259 489 et
287 447 487 489 omnibus
509 448 737 489 intellectis
761 449 879 490 fieret
904 463 1038 490 unum
1062 464 1170 499 vere,
1189 459 1231 490 et
1254 450 1335 491 hoc
1357 457 1422 491 est
1445 451 1605 503 impos-

95 516 216 557 sibile
249 523 424 570 propter
452 516 540 557 duo
572 517 853 569 impossibilia
886 518 1122 559 manifesta.
1183 519 1297 558 Nam
1329 518 1458 559 nichil
1489 533 1606 560 com-

95 584 268 637 ponitur
298 598 355 625 ex
386 584 513 625 rebus
544 585 818 626 distantibus.
883 587 961 627 Set
993 587 1119 627 stella
1146 588 1363 627 intellecta
1390 587 1521 628 distat
1552 590 1607 627 ab

94 654 266 695 homine
286 659 329 694 et
351 653 407 693 ab
428 654 572 694 anima
594 654 699 707 ejus.
764 655 821 695 Et
850 655 1017 705 iterum,
1040 656 1073 695 si
1106 669 1204 696 vere
1236 669 1366 696 unum
1399 655 1519 696 fieret
1551 671 1607 696 ex

94 723 238 763 anima
260 728 303 763 et
325 723 466 776 lapide
487 722 556 762 vel
579 723 716 772 stella,
737 730 837 763 tunc
859 730 968 764 esset
995 724 1139 776 aliqua
1162 738 1227 764 res
1249 724 1440 764 existens
1463 724 1503 763 in
1526 724 1608 765 hoc

96 791 256 832 mundo
297 792 415 844 quod
455 805 539 831 non
582 798 693 832 esset
733 793 876 832 anima
910 806 986 833 nec
1023 792 1142 845 lapis,
1175 799 1240 833 set
1281 806 1363 833 non
1397 792 1607 845 contingit

93 861 311 913 assignare
332 860 427 901 hoc.
490 861 549 901 Et
570 867 635 902 est
657 861 881 902 ridiculum
904 862 1042 902 dicere
1064 862 1182 914 quod
1207 876 1262 901 ex
1285 862 1430 901 anima
1451 867 1494 902 et
1516 861 1608 903 celo

94 931 161 969 vel
193 930 339 982 lapide
369 930 436 970 vel
468 943 728 983 quocunque
761 930 981 971 intellecto
1013 930 1087 970 fiat
1120 943 1264 979 unum,
1292 936 1394 984 ergo
1426 930 1605 970 verbum

94 1012 231 1048 suum,
253 1011 351 1039 cum
375 999 478 1039 dicit
507 1013 564 1039 ex
595 998 814 1039 intellectu
839 1006 882 1038 et
908 998 1128 1039 intellecto
1162 998 1209 1039 fit
1238 1012 1336 1039 vere
1359 1012 1503 1049 unum,
1525 999 1607 1039 hoc

95 1067 172 1107 erit
194 1067 248 1107 de
278 1067 422 1108 anima
452 1075 495 1109 et
525 1068 668 1121 specie
698 1068 757 1108 rei
787 1067 1002 1108 intellecte
1025 1082 1108 1120 que
1132 1074 1196 1108 est
1219 1069 1335 1121 apud
1359 1082 1467 1108 eam.
1531 1067 1607 1107 Set

94 1135 128 1175 si
149 1135 232 1176 hoc
256 1149 483 1189 ponamus,
507 1143 550 1177 et
571 1135 697 1176 simul
721 1149 819 1176 cum
843 1136 926 1176 hoc
952 1137 1071 1189 quod
1101 1136 1242 1176 anime
1264 1136 1486 1177 hominum
1510 1144 1608 1176 sunt

58 1219 74 1248 5
96 1204 253 1256 plures,
274 1205 442 1246 nullum
466 1206 660 1258 sequitur
688 1206 1002 1253 inconveniens,
1026 1219 1127 1245 nam
1158 1218 1254 1246 cum
1285 1205 1461 1245 infertur
1490 1207 1607 1257 quod

93 1273 257 1327 species
290 1275 405 1327 apud
439 1275 604 1316 animas
638 1276 826 1316 diversas
864 1274 1232 1327 multiplicabitur,
1261 1275 1453 1314 concedo
1490 1275 1606 1326 quod

95 1342 263 1384 diversa
285 1343 449 1396 species
471 1344 666 1397 ejusdem
690 1345 749 1383 rei
772 1350 916 1396 potest
938 1357 1030 1383 esse
1052 1343 1169 1395 apud
1191 1342 1393 1392 diversos,
1420 1342 1520 1395 quia
1542 1356 1608 1382 res

96 1412 196 1453 facit
221 1413 410 1465 speciem
436 1427 557 1453 suam
584 1415 822 1454 secundum
853 1426 1004 1452 omnes
1033 1413 1280 1461 diametros,
1310 1418 1355 1451 ut
1387 1417 1606 1451 ostensum

95 1488 160 1521 est
192 1481 234 1521 in
264 1487 449 1522 tractatu
478 1481 545 1523 De
564 1483 778 1535 speciebus,
806 1490 847 1522 et
876 1482 985 1531 ideo,
1008 1482 1118 1522 sicut
1144 1481 1184 1520 in
1211 1480 1388 1520 diversis
1414 1480 1608 1532 partibus

95 1551 202 1591 aeris
224 1551 389 1603 species
412 1556 511 1591 sunt
539 1551 732 1605 ejusdem
757 1551 814 1591 rei
838 1551 1005 1591 diverse
1028 1556 1070 1590 et
1093 1551 1149 1590 ad
1171 1549 1318 1589 oculos
1341 1548 1607 1589 diversorum

95 1620 270 1659 veniunt
292 1619 472 1670 diverse,
494 1620 553 1662 sic
575 1621 692 1674 apud
715 1620 957 1661 intellectus
980 1619 1183 1659 diversos.

154 1687 266 1728 Cum
288 1701 391 1729 vero
413 1689 555 1740 arguit
576 1690 693 1741 quod
719 1690 754 1730 si
782 1689 927 1729 anima
956 1694 1206 1728 numeratur
1229 1686 1270 1725 in
1301 1685 1486 1735 diversis,
1508 1692 1610 1725 tunc

98 1757 282 1797 sciencia
303 1770 388 1809 que
413 1763 479 1797 est
501 1758 543 1797 in
567 1759 774 1810 magistro
795 1757 1017 1810 generabit
1039 1754 1266 1796 scienciam
1289 1754 1331 1793 in
1354 1753 1609 1807 discipulum

97 1826 204 1865 sicut
227 1825 338 1878 ignis
360 1831 538 1877 generat
560 1826 717 1878 ignem,
732 1832 804 1865 aut
826 1824 955 1865 nichil
977 1823 1084 1864 sciet
1106 1822 1350 1875 discipulus,
1369 1835 1453 1862 non
1470 1822 1609 1862 verifi-

38 1909 51 1928 ε
63 1908 73 1914 ·
95 1901 164 1934 cat
178 1894 290 1934 hanc
305 1894 677 1945 consequendam,
692 1900 734 1934 et
748 1901 812 1934 est
830 1894 1028 1947 pessima.
1068 1892 1183 1932 Nam
1198 1891 1353 1931 sufficit
1369 1890 1611 1931 intellectus

96 1975 228 2014 agens
270 1976 348 2016 pro
389 1976 517 2003 causa
556 1963 745 2003 interiori
792 1968 835 2003 et
876 1961 1081 2013 magister
1122 1959 1323 2000 exterius.
1401 1959 1612 2013 Magister

98 2031 212 2070 enim
249 2038 313 2072 est
346 2031 455 2071 sicut
493 2031 727 2084 agricultor
764 2036 961 2083 respectu
1000 2029 1170 2082 segetis,
1202 2034 1244 2068 et
1276 2028 1387 2068 sicut
1418 2028 1612 2068 medicus

99 2108 294 2152 respectu
326 2100 534 2140 sanitatis.
595 2099 850 2153 Agricultor
876 2099 879 2153 Ι
903 2099 1017 2139 enim
1040 2104 1083 2138 et
1115 2097 1305 2137 medicus
1335 2103 1435 2136 sunt
1457 2096 1611 2137 instru-
1631 2101 1673 2142 84
1689 2113 1707 2132 a
1727 2111 1754 2132 ε.

98 2175 244 2210 menta
259 2176 422 2218 nature,
444 2182 543 2208 nam
559 2174 791 2222 preparant
809 2175 852 2208 et
868 2168 1063 2208 excitant
1085 2172 1127 2206 et
1147 2165 1300 2218 juvant
1314 2172 1510 2205 naturam
1528 2178 1612 2218 que

97 2237 270 2279 interius
298 2243 512 2290 operatur.
576 2237 648 2278 Sic
680 2237 884 2290 magister
916 2236 1017 2277 facit
1047 2240 1352 2286 argumentum
1377 2234 1612 2275 veridicum

98 2307 153 2347 ad
189 2305 536 2347 concludendum
577 2305 814 2355 veritatem,
855 2312 898 2346 et
939 2304 1184 2345 intellectus
1224 2315 1359 2356 agens
1400 2302 1613 2343 illuminat

98 2375 346 2429 possibilem
379 2382 422 2416 et
457 2374 556 2415 facit
589 2375 709 2424 scire,
738 2382 780 2415 et
817 2374 894 2415 hec
928 2374 1015 2414 duo
1048 2372 1261 2413 sufficiunt
1296 2372 1351 2412 ad
1383 2371 1464 2411 hoc
1495 2372 1612 2423 quod

97 2444 280 2485 sciencia
315 2443 644 2497 complexorum
685 2442 761 2484 fiat
802 2443 844 2482 in
885 2442 1041 2483 anima.
1105 2440 1277 2481 Noticia
1312 2454 1413 2480 vero
1455 2440 1613 2480 incom-

99 2513 328 2565 plexorum
377 2519 589 2565 quantum
631 2513 685 2553 ad
727 2525 875 2553 vocem
928 2511 1096 2564 signata
1138 2509 1186 2550 fit
1240 2522 1316 2561 per
1358 2509 1612 2562 magistrum

145 2686 182 2716 19
205 2679 258 2707 De
276 2675 483 2717 speciebus]
500 2686 531 2716 p.
550 2677 605 2715 36.

144 2818 180 2847 13
203 2809 265 2839 erit
281 2818 360 2840 corr.
377 2808 410 2838 in
430 2817 534 2847 mmg.
