1898 3126
812 104 894 145 209

71 212 238 247 *motus
270 205 459 246 velocior
496 212 537 245 et
570 206 756 246 tardior:
800 211 865 245 set
897 206 939 245 in
971 219 1109 245 vacuo
1143 205 1260 245 nulla
1292 211 1356 244 est
1389 204 1617 244 diversitas

95 274 176 315 rari
200 281 241 314 et
264 274 402 323 densi,
424 274 525 325 quia
555 272 671 313 nulla
701 279 855 313 natura
883 278 977 323 est;
1010 287 1130 326 ergo,
1153 286 1240 314 non
1270 272 1351 312 erit
1383 272 1441 312 ibi
1473 271 1618 323 aliqua

99 342 348 383 differencia
382 348 536 390 motus,
568 340 745 388 scilicet,
779 354 858 382 nec
889 341 1096 381 velocitas
1129 353 1206 380 nec
1238 339 1450 387 tarditas;
1484 345 1548 378 set
1578 338 1618 377 in

96 410 212 450 omni
235 410 380 450 medio
404 415 550 463 potest
572 408 664 449 fieri
695 415 850 458 motus,
872 415 915 449 et
946 410 1060 459 ideo,
1082 409 1118 448 si
1149 408 1295 460 aliqua
1327 408 1448 448 fieret
1480 414 1619 447 trans-

56 499 73 529 ᾗ
96 478 300 527 mutacio,
321 477 444 518 fieret
467 479 509 518 in
533 478 725 518 instanti.
784 477 915 530 Quod
940 484 1088 518 motus
1109 477 1319 517 naturalis
1342 476 1400 515 ibi
1423 474 1512 515 fieri
1535 487 1620 514 non

37 839 75 861 10

37 2202 77 2232 30

94 547 266 600 poterit,
281 553 415 601 patet,
430 548 531 599 quia
549 547 590 586 in
607 561 745 588 vacuo
769 547 886 588 nulla
903 553 969 587 est
987 553 1154 587 natura.
1198 545 1323 594 Item,
1341 558 1425 597 qua
1449 543 1620 583 racione

95 621 340 656 moveretur
361 630 492 669 grave
516 616 557 655 in
581 623 750 669 partem
774 630 905 656 unam
933 623 975 656 et
1006 616 1048 655 in
1079 616 1209 656 aliam
1233 621 1276 655 et
1298 614 1339 653 in
1364 625 1554 663 omnem,
1576 618 1619 650 et

94 684 153 724 ita
175 697 344 724 sursum
375 690 418 724 et
448 684 652 724 deorsum
686 684 990 725 indifferenter.
1054 683 1132 725 Set
1164 689 1314 724 contra
1345 682 1425 722 hoc
1449 681 1620 721 videtur

94 765 197 802 esse,
220 752 340 804 quod
370 750 373 805 Ι
402 752 519 792 nulla
542 753 675 793 virtus
699 752 821 792 finita
843 752 933 805 agit
963 752 1004 791 in
1032 752 1210 792 instanti
1242 759 1307 791 set
1338 750 1378 789 in
1406 756 1620 801 tempore,

94 825 135 859 et
157 819 267 867 ideo,
290 833 446 873 corpus
467 834 565 861 cum
595 820 755 861 habeat
775 821 981 861 virtutem
1013 820 1195 871 finitam,
1216 819 1336 859 fieret
1360 819 1452 871 ejus
1475 822 1620 856 motus

94 887 132 927 in
162 893 372 940 tempore,
403 901 489 928 non
522 889 564 928 in
597 888 788 936 instanti,
820 889 861 928 in
893 902 1044 929 vacuo.
1108 888 1233 937 Item,
1257 894 1360 927 tunc
1387 886 1432 924 in
1464 885 1618 926 eodem

97 956 274 996 instanti
298 964 410 997 esset
438 958 479 995 in
504 957 716 1010 principio
746 956 893 1010 spacii,
916 964 958 997 et
991 957 1033 995 in
1062 956 1221 1005 medio,
1244 962 1286 995 ct
1310 955 1352 994 in
1374 953 1471 1004 fine,
1494 960 1536 993 et
1561 953 1621 992 ita

95 1023 289 1063 simulet
319 1024 451 1064 semel
480 1025 522 1063 in
551 1024 745 1078 pluribus
780 1024 894 1064 locis.
960 1024 1085 1073 Item,
1108 1023 1226 1077 prius
1258 1030 1301 1064 et
1333 1021 1547 1074 posterius
1577 1020 1618 1059 in

94 1092 240 1146 spacio
262 1100 362 1133 sunt
385 1106 515 1133 causa
541 1093 698 1145 prioris
729 1100 771 1133 et
801 1092 1017 1145 posterius
1048 1092 1089 1131 in
1118 1091 1408 1132 translacione
1440 1089 1555 1130 facta
1577 1089 1619 1128 in

57 1181 72 1210 5
94 1160 256 1213 spacio,
279 1166 326 1201 ut
348 1160 613 1201 Aristoteles
638 1161 771 1201 dicit:
805 1167 870 1201 set
900 1161 1095 1213 spacium
1125 1173 1311 1200 vacuum
1340 1159 1472 1199 habet
1503 1158 1621 1210 prius

93 1235 135 1268 et
172 1229 402 1281 posterius,
436 1229 538 1281 quia
574 1229 954 1269 demensionatum
994 1236 1084 1279 est;
1122 1242 1239 1281 ergo,
1270 1229 1325 1269 de
1361 1227 1620 1268 necessitate

98 1296 171 1337 fiet
192 1298 234 1337 in
255 1311 308 1338 eo
332 1304 491 1347 motuS,
513 1298 547 1337 si
570 1297 715 1350 aliqua
738 1297 972 1337 translacio
1002 1297 1161 1337 debeat
1192 1297 1281 1337 fieri
1306 1297 1347 1336 in
1370 1310 1432 1336 eo.
1497 1296 1621 1342 Item,

95 1366 204 1406 sicut
226 1379 272 1406 se
293 1366 426 1406 habet
448 1372 636 1418 punctus
657 1366 712 1405 ad
737 1366 911 1416 lineam,
927 1366 986 1406 sic
1004 1366 1169 1406 instans
1192 1366 1247 1405 ad
1269 1372 1445 1416 tempus
1465 1380 1473 1411 3
1505 1377 1622 1415 ergo,

96 1435 392 1484 permutatim,
414 1435 526 1474 sicut
555 1448 601 1474 se
626 1433 808 1474 habebit
834 1441 1022 1487 punctus
1055 1436 1111 1475 ad
1144 1434 1321 1483 instans,
1342 1434 1401 1473 sic
1428 1432 1540 1472 linea
1566 1433 1622 1472 ad

37 1522 51 1544 2
94 1509 292 1555 tempus;
337 1510 401 1543 set
438 1516 514 1556 per
547 1503 755 1543 transitus
797 1503 946 1555 puncti
981 1508 1046 1543 est
1090 1503 1131 1542 in
1168 1501 1363 1551 instanti,
1402 1514 1505 1554 ergo
1548 1514 1624 1552 per

94 1571 301 1612 transitus
334 1571 468 1625 spacii
502 1571 676 1611 linearis
709 1571 834 1611 vacui
868 1577 933 1611 est
966 1571 1008 1610 in
1041 1577 1252 1623 tempore.
1330 1570 1457 1618 Item,
1489 1570 1545 1610 sit
1577 1569 1621 1608 A

97 1641 260 1680 instans
279 1639 321 1680 in
344 1653 430 1692 quo
453 1640 508 1681 sit
533 1639 696 1680 mobile
718 1639 761 1679 in
784 1639 994 1691 superiori
1018 1646 1141 1692 parte
1156 1638 1294 1687 vacui,
1311 1643 1354 1678 et
1375 1651 1461 1678 non
1480 1644 1624 1690 potest

93 1721 188 1750 esse
215 1708 257 1748 in
288 1708 466 1749 instanti
493 1709 702 1749 continuo
733 1708 776 1747 in
806 1708 962 1758 medio,
983 1714 1048 1748 set
1080 1708 1122 1747 in
1145 1713 1356 1759 tempore,
1382 1706 1486 1758 quia
1515 1706 1627 1746 inter

97 1776 289 1829 quelibet
311 1777 524 1817 instancia
546 1777 665 1816 cadit
686 1782 861 1829 tempus
884 1775 1103 1823 medium;
1129 1788 1244 1828 ergo,
1260 1773 1335 1815 fiet
1353 1774 1395 1814 in
1413 1780 1624 1827 tempore.

59 1846 190 1892 :Nec
241 1850 389 1899 potest
432 1844 510 1885 hec
555 1845 668 1885 racio
720 1844 918 1896 inpediri,
958 1844 1166 1896 quoniam
1213 1856 1298 1883 non
1341 1848 1487 1896 potest
1536 1841 1623 1883 fieri

98 1914 299 1954 deorsum
326 1913 367 1953 in
391 1913 435 1953 A
460 1913 650 1964 instanti,
673 1913 775 1964 quia
797 1918 898 1952 tunc
921 1911 962 1951 in
986 1925 1037 1952 eo
1063 1918 1176 1952 esset
1206 1910 1332 1951 simul
1356 1918 1398 1951 et
1420 1911 1555 1950 semel
1580 1910 1621 1950 in

98 1982 278 2023 diversis
313 1982 434 2022 locis.
498 1981 624 2026 Item,
650 1985 838 2034 ponatur
869 1981 988 2032 quod
1017 1978 1158 2020 nullus
1188 1985 1332 2019 motus
1361 1978 1469 2019 alius
1497 1986 1623 2025 esset,

95 2051 213 2102 quod
237 2051 330 2091 dari
352 2056 514 2102 potest,
536 2049 638 2101 quia
661 2054 703 2089 et
726 2048 866 2088 celum
896 2048 1031 2088 stabit
1052 2047 1298 2100 aliquando,
1321 2053 1396 2088 aut
1418 2046 1624 2100 possibile

95 2125 159 2160 est
182 2125 306 2160 stare.
368 2117 415 2159 Si
439 2118 569 2171 igitur
591 2131 678 2158 non
704 2124 770 2158 est
800 2123 959 2165 motus,
981 2130 1065 2157 non
1095 2122 1159 2157 est
1182 2123 1358 2168 tempus
1378 2132 1387 2164 ;
1419 2122 1462 2156 et
1497 2116 1625 2156 datur

97 2188 215 2240 quod
246 2187 322 2228 fiat
350 2186 584 2228 translacio
611 2187 652 2226 in
676 2199 814 2226 vacuo
844 2186 884 2225 in
912 2185 1102 2233 instanti,
1125 2198 1242 2239 ergo,
1273 2185 1438 2226 instans
1464 2184 1624 2237 poterit

96 2270 188 2297 esse
223 2257 316 2297 sine
349 2262 580 2308 tempore3
613 2255 731 2308 quod
763 2261 829 2295 est
861 2253 1149 2308 impossibile:
1182 2254 1293 2294 sicut
1326 2266 1404 2294 nec
1437 2259 1625 2306 punctus

97 2325 191 2365 sine
218 2324 342 2366 linea.
407 2324 531 2373 Item,
554 2337 652 2365 cum
680 2336 836 2377 corpus
867 2322 1026 2363 mobile
1056 2322 1110 2362 sit
1139 2321 1354 2362 divisibile
1380 2322 1423 2362 in
1454 2327 1622 2374 partem

100 2393 287 2447 priorem
315 2399 359 2434 et
381 2392 683 2446 posteriorem,
702 2405 785 2445 que
804 2391 930 2431 simul
954 2404 1046 2432 esse
1068 2404 1153 2431 non
1172 2397 1356 2443 possunt
1379 2390 1420 2429 in
1445 2390 1597 2429 eadem
1617 2387 1620 2443 Ι

142 2513 155 2532 1
182 2508 215 2533 et
231 2501 373 2543 tardior]
391 2502 445 2532 vel
461 2507 484 2533 t.
502 2501 566 2532 FD
719 2512 739 2539 4
764 2499 1021 2540 transmutacio]
1039 2505 1060 2530 t.
1079 2499 1110 2529 in
1128 2509 1236 2530 vacuo
1253 2499 1287 2529 D
1429 2509 1445 2536 7
1471 2498 1623 2537 omnem]

97 2553 186 2584 omni
203 2554 237 2584 F
372 2563 393 2591 9
416 2553 505 2592 quod
525 2553 558 2583 it.
576 2552 618 2582 M
763 2561 802 2582 10
818 2552 890 2590 ejus
902 2556 1014 2582 motus
1027 2561 1090 2580 om.
1105 2549 1137 2579 F
1275 2559 1309 2579 11
1325 2550 1359 2580 in
1371 2549 1506 2579 instanti
1517 2559 1582 2579 om.
1597 2548 1629 2578 F

100 2607 139 2635 16
155 2605 247 2646 quia]
265 2606 425 2644 quoniam
442 2604 506 2634 FD
628 2614 665 2642 17
684 2603 758 2644 fiet]
777 2604 874 2633 fieret
891 2602 925 2632 D
1024 2602 1146 2632 debeat
1160 2612 1226 2632 om.
1244 2601 1277 2631 P
1408 2611 1447 2640 19
1471 2600 1624 2641 habebit]

98 2657 197 2687 habet
212 2656 247 2687 D
389 2667 431 2687 20
455 2655 611 2696 instanti]
628 2655 739 2694 aliquo
755 2654 894 2684 instanti
910 2653 963 2684 F:
987 2653 1050 2684 alio
1067 2653 1204 2683 instanti
1222 2652 1257 2682 D
1399 2662 1451 2690 21,
1471 2661 1512 2681 22
1539 2651 1621 2682 Item

112 2735 119 2742 .
137 2735 144 2742 .
161 2735 169 2743 .
186 2711 270 2752 quo]
290 2711 375 2742 Item
393 2711 441 2741 sic
458 2711 492 2740 in
510 2710 541 2739 A
559 2709 695 2740 instanti
712 2709 744 2738 in
762 2719 827 2748 quo
843 2707 878 2737 D
1032 2717 1072 2737 22
1097 2707 1192 2737 vacui
1210 2717 1275 2738 om.
1293 2706 1327 2736 D
1483 2716 1523 2743 24
1548 2705 1622 2745 fiet]

97 2763 192 2793 fieret
209 2762 242 2792 F
376 2772 419 2800 30
442 2762 475 2792 in
491 2771 597 2792 vacuo
615 2771 680 2791 om.
697 2760 732 2790 D
819 2758 960 2800 poterit]
979 2763 1091 2799 potest
1108 2758 1143 2788 D

1641 754 1717 793 591)
1739 762 1764 782 2.
