1877 3131
100 1725 225 1756 44a1·

987 163 1066 213 156

320 301 567 355 Capitulum
589 307 658 354 5¹¹².
723 299 799 348 <dc
825 299 1007 352 quiete.)

318 405 377 444 Et
418 417 530 444 nunc
566 403 791 456 specialius
828 402 1138 455 explicandum
1183 406 1246 441 est
1288 400 1532 453 subjectum
1571 401 1796 455 temporis,

256 474 374 526 quod
399 479 462 513 θεῖ
485 479 639 521 motus,
664 471 940 512 excludendo
963 471 1167 524 quietem,
1189 475 1233 510 et
1255 470 1460 519 animam,
1484 475 1526 509 et
1550 468 1791 522 quemlibet

256 548 424 583 motum
467 543 618 581 datum
640 556 646 580 :
699 547 764 580 set
807 541 848 580 in
890 539 973 580 hoc
1015 538 1219 592 capitulo,
1260 538 1522 578 descendam
1560 538 1703 578 solum
1734 539 1790 579 ad

254 611 460 663 quietem,
484 610 691 662 quoniam
724 610 757 648 si
790 607 931 648 nullus
957 614 1103 648 motus
1131 612 1255 657 esset,
1276 620 1363 647 non
1387 613 1498 647 θεεθῖ
1520 613 1723 660 tempus3
1756 608 1790 647 si
1813 618 1831 649 5

256 679 370 719 enim
404 678 544 719 celum
579 683 621 717 et
654 677 803 718 omnia
834 677 1106 729 privarentur
1137 681 1272 726 motu,
1304 682 1406 715 tunc
1439 688 1525 715 non
1561 681 1674 716 esset
1710 676 1790 715 nisi

254 760 521 800 permanens,
545 753 587 787 et
609 746 727 786 nulla
750 752 863 786 esset
891 745 1122 793 successio,
1146 750 1188 784 et
1221 745 1335 794 idco,
1358 757 1435 784 nec
1458 751 1643 797 tempus,
1670 746 1789 797 quod

252 817 445 868 sequitur
468 830 560 856 esse
582 815 886 856 successivum.
952 814 1012 854 Et
1035 813 1132 853 ideo
1155 814 1278 866 quies
1305 826 1391 853 non
1416 813 1580 854 inducit
1602 819 1787 868 tempus,

252 891 317 924 set
340 890 513 937 oportet
536 884 653 936 quod
676 883 831 935 aliquis
854 889 999 922 motus
1020 882 1075 922 sit
1097 894 1196 921 cum
1219 881 1377 934 quiete,
1399 894 1500 922 nam
1527 882 1648 934 quies
1669 883 1724 923 de
1745 896 1790 923 se

252 966 338 993 non
361 952 493 993 habet
514 952 843 999 successionem,
866 957 932 991 set
954 951 1056 1003 quia
1080 956 1248 990 motum
1271 951 1603 991 concomitatur.
1812 968 1851 989 10

310 1021 388 1063 Set
410 1028 512 1061 tunc
536 1027 600 1061 est
624 1020 818 1071 dubium,
836 1020 1043 1072 quoniam
1062 1019 1199 1071 quies,
1222 1032 1308 1071 que
1330 1025 1397 1059 est
1425 1020 1605 1072 negacio
1628 1027 1788 1071 motus,

249 1097 294 1131 ut
322 1097 386 1130 est
418 1091 459 1129 in
487 1104 579 1130 esse
608 1090 754 1129 divino
782 1095 826 1129 et
851 1088 1061 1141 angelico,
1083 1087 1211 1128 simul
1243 1094 1308 1128 est
1336 1101 1435 1127 cum
1470 1094 1593 1128 motu
1626 1089 1721 1139 celi,
1743 1098 1787 1131 et

248 1159 567 1200 concomitatur
602 1160 773 1211 ipsum:
821 1171 938 1210 ergo,
972 1157 1095 1210 quies
1130 1157 1320 1210 propria,
1361 1169 1446 1209 que
1487 1163 1552 1198 θεῖ
1595 1158 1783 1210 privacio

251 1236 407 1278 motus,
431 1241 517 1268 non
549 1227 729 1268 habebit
762 1227 817 1267 de
847 1240 892 1266 se
924 1225 1256 1275 successionem,
1278 1231 1344 1265 set
1376 1223 1519 1265 solum
1551 1227 1653 1279 quia
1685 1240 1785 1267 con-

249 1299 484 1338 comitatur
526 1304 705 1338 motum.
771 1296 894 1336 Tunc
929 1309 1027 1336 cum
1071 1295 1193 1347 quies
1234 1294 1327 1343 hec,
1372 1308 1456 1346 que
1499 1302 1563 1336 est
1604 1297 1785 1349 negacio
1808 1311 1845 1343 15

250 1374 408 1413 motus,
433 1367 752 1406 concomitatur
768 1371 947 1416 motum,
974 1364 1089 1404 idem
1113 1363 1194 1403 erit
1212 1363 1421 1416 judicium
1441 1364 1496 1404 de
1515 1377 1599 1404 una
1622 1371 1665 1405 θῖ
1687 1365 1785 1415 alia,

248 1436 424 1485 scilicet,
446 1435 566 1487 quod
590 1440 744 1474 neutra
768 1433 1089 1473 mensurabitur
1111 1445 1188 1485 per
1209 1445 1253 1471 se
1276 1438 1485 1485 tempore,
1510 1438 1576 1473 set
1599 1439 1784 1487 utraque

248 1518 325 1557 per
355 1504 565 1544 accidens.
644 1503 702 1542 Et
734 1509 846 1550 tunc,
878 1502 989 1541 sicut
1020 1501 1155 1553 quies,
1188 1513 1273 1552 que
1305 1507 1370 1540 est
1402 1502 1584 1553 ncgacio
1627 1509 1782 1553 motus,

243 1579 516 1612 mensuratur
555 1572 786 1612 eternitate
830 1576 978 1611 creata
1011 1570 1079 1610 vel
1116 1570 1317 1619 increata,
1352 1575 1394 1609 et
1425 1571 1559 1622 quies,
1596 1584 1681 1623 que
1716 1581 1782 1614 est

245 1641 436 1694 privacio
474 1647 645 1691 motus;
697 1641 814 1692 quod
858 1645 922 1679 est
968 1637 1247 1690 impossibile,
1289 1639 1390 1691 quia
1433 1639 1511 1678 hec
1551 1645 1616 1680 est
1657 1642 1779 1693 quies
1804 1657 1845 1678 20

247 1710 456 1749 naturalis
489 1723 630 1749 rerum
665 1708 890 1748 mobilium
920 1706 924 1761 Ι
952 1721 1037 1759 que
1069 1720 1155 1746 non
1188 1706 1320 1746 habet
1357 1709 1690 1760 proporcionem
1722 1714 1778 1752 ad

245 1779 535 1818 eternitatem.
599 1778 657 1817 Et
690 1777 897 1824 similiter,
921 1781 1128 1828 sequetur
1159 1776 1277 1828 quod
1306 1776 1408 1827 quia
1430 1778 1780 1819 concomitantur

244 1854 431 1899 tempus,
449 1853 493 1887 et
510 1846 637 1886 simul
657 1852 756 1885 sunt
771 1859 868 1885 cum
888 1858 951 1892 eo,
976 1844 1094 1896 quod
1111 1845 1221 1885 sicut
1234 1845 1355 1897 quies
1372 1845 1577 1885 naturalis
1596 1854 1698 1888 nata
1714 1856 1778 1890 θεῖ

244 1916 480 1955 mensurari
511 1922 723 1968 tempore,
743 1914 897 1954 saltem
926 1927 1002 1967 per
1031 1913 1243 1963 accidens,
1269 1914 1386 1966 quod
1415 1914 1475 1953 sic
1505 1915 1628 1967 quies
1649 1930 1778 1971 supra

243 1990 457 2033 naturam,
479 1985 598 2036 quod
629 1990 693 2024 θεῖ
722 1984 971 2023 absurdum.
1037 1982 1096 2022 Et
1125 1982 1360 2022 dicendum
1391 1990 1467 2033 est,
1490 1984 1609 2036 quod
1633 1985 1775 2026 differ·
1799 1999 1838 2030 25

241 2053 362 2093 encia
403 2060 467 2093 est
510 2053 620 2093 inter
658 2053 735 2092 has
777 2052 972 2104 quietes,
1016 2064 1116 2091 nam
1154 2052 1274 2103 quies
1318 2052 1539 2102 naturalis,
1581 2067 1665 2106 que
1711 2063 1777 2096 est

238 2134 262 2159 a
286 2122 497 2173 principio
528 2128 684 2170 motus,
709 2127 774 2160 est
804 2126 906 2160 nata
931 2133 1023 2159 θεεθ
1049 2120 1091 2158 in
1122 2119 1285 2169 mobili,
1308 2120 1482 2171 scilicet,
1506 2122 1548 2160 in
1572 2135 1623 2162 eo
1655 2125 1774 2175 quod

240 2195 304 2229 est
327 2189 574 2241 subjectum
606 2195 750 2228 motus
780 2187 987 2236 naturale,
1012 2193 1054 2227 θῖ
1085 2188 1291 2228 terminat
1315 2194 1485 2228 motum
1508 2191 1773 2242 naturaliter,
1847 2192 1851 2244 l

239 2264 282 2297 et
315 2264 493 2310 propter
524 2257 606 2297 hoc
638 2257 770 2297 habet
804 2269 1008 2309 magnam
1040 2257 1416 2309 comparacionem
1446 2258 1499 2298 ad
1524 2271 1771 2300 mensuram
1848 2254 1849 2258 ¹

241 2332 384 2366 motus
416 2333 459 2366 et
491 2326 675 2366 mobilis.
753 2325 811 2365 Et
846 2326 945 2365 ideo
981 2331 1127 2378 potest
1160 2325 1242 2365 dici
1274 2326 1458 2378 proprie,
1492 2327 1608 2378 quod
1641 2328 1697 2369 sit
1730 2329 1771 2368 in
1794 2321 1861 2403 303¹

240 2401 449 2447 tempore,
473 2403 516 2436 et
541 2400 835 2434 mensuratum
859 2408 884 2433 a
910 2400 1109 2445 tempore
1133 2401 1410 2434 mensurante
1431 2394 1564 2434 alium
1588 2402 1770 2447 motum,

241 2477 371 2517 quem
396 2464 466 2503 illa
489 2464 609 2515 quies
631 2463 964 2503 concomitatur.
1026 2461 1104 2502 Set
1121 2468 1323 2502 neutrum
1342 2462 1637 2516 predictorum
1653 2478 1770 2505 com·
1858 2468 1860 2499 l

239 2533 349 2586 petit
380 2533 527 2584 quieti,
551 2546 636 2584 que
659 2537 722 2571 est
745 2531 925 2583 negacio
955 2537 1110 2578 motus
1134 2543 1220 2582 que
1242 2537 1305 2570 est
1329 2531 1371 2570 in
1394 2545 1485 2571 esse
1515 2545 1770 2584 permanen-

240 2602 352 2641 cium
374 2617 382 2648 ;
417 2607 459 2640 et
482 2601 579 2641 ideo
602 2613 688 2640 non
711 2599 843 2640 debet
866 2598 938 2639 illa
964 2599 1048 2639 dici
1071 2612 1164 2638 esse
1186 2599 1228 2639 in
1261 2605 1468 2652 tempore,
1493 2613 1569 2641 nec
1593 2607 1767 2656 tempus

239 2670 319 2708 erit
358 2669 449 2720 ejus
486 2682 696 2716 mensura,
726 2674 791 2708 set
827 2668 969 2707 solum
1002 2681 1101 2708 cum
1134 2674 1331 2720 tempore
1361 2675 1506 2721 potest
1552 2683 1657 2720 esse,
1700 2671 1766 2711 vel
1789 2683 1828 2716 35

287 2796 298 2815 1
328 2786 517 2824 Capitulum
536 2787 591 2823 5¹¹¹.
611 2786 644 2814 1'11
663 2795 769 2824 marg.
791 2784 847 2815 M:
875 2796 937 2816 om.
958 2785 1022 2815 FD
1107 2787 1144 2815 16
1170 2785 1275 2826 idem]
1293 2785 1417 2817 nullum
1436 2787 1470 2817 D
1554 2797 1591 2826 17
1618 2788 1764 2829 scilicet]

237 2841 290 2866 set
309 2837 342 2866 D
474 2846 514 2874 23
539 2836 643 2876 quod]
663 2837 719 2874 qui
736 2837 768 2866 F
