1898 3126
124 1526 248 1567 56a1.

995 103 1073 154 196

264 215 582 256 dimensionem
627 215 867 256 secundum
906 215 1262 269 profunditatem,
1296 223 1339 257 et
1372 216 1471 257 ideo
1503 216 1703 269 neganda
1736 222 1802 256 est

266 285 346 324 hec
375 284 553 338 posicio,
575 282 674 324 licet
707 290 853 325 autem
887 284 1008 325 locus
1042 297 1127 324 non
1158 285 1319 326 habeat
1350 285 1629 338 profundum,
1651 290 1800 325 tamen

268 353 441 406 respicit
475 353 721 394 necessario
763 353 1027 407 profundum
1068 353 1211 404 locati,
1245 355 1454 407 quoniam
1487 353 1682 395 continet
1715 366 1802 393 non

267 423 406 463 solum
441 428 587 476 partes
619 421 711 474 ejus
754 422 1005 472 exteriores,
1035 430 1099 463 set
1133 423 1359 464 interiores
1392 421 1685 464 mediantibus
1726 435 1802 462 ex-

266 491 509 541 terioribus,
533 497 575 530 et
606 490 716 540 ideo,
740 489 854 530 hunc
883 496 1128 543 respectum
1158 492 1214 531 ad
1244 492 1509 544 profundum
1536 491 1660 531 addit
1681 488 1829 538 locus.

267 574 396 614 super
418 559 735 600 dimensionem
757 559 1012 612 superficiei,
1030 559 1130 600 licet
1151 573 1239 601 non
1261 560 1424 602 habeat
1445 559 1801 614 profunditatem,

267 643 346 670 nec
383 642 457 682 per
498 642 544 669 se
581 641 659 668 nec
698 641 775 681 per
815 628 1028 668 accidens.
1107 627 1183 668 Set
1225 628 1341 670 hunc
1382 635 1627 682 respectum
1671 627 1802 668 habet

269 698 384 738 unde
433 697 559 746 locat,
603 710 690 736 non
739 697 855 736 unde
899 696 1106 736 terminat
1152 710 1308 750 corpus
1350 697 1510 747 locans,
1553 695 1803 748 superficies

269 767 397 820 igitur
432 772 508 814 est,
534 766 651 805 unde
683 764 888 806 terminat
920 778 1080 818 corpus
1112 765 1274 816 locans,
1296 772 1338 806 et
1371 767 1525 807 eadem
1555 763 1802 819 superficies

268 842 334 875 est
367 834 488 874 locus
526 833 568 873 in
608 839 823 886 quantum
857 834 970 874 locat
1007 840 1050 874 et
1088 834 1279 875 inscribit
1311 841 1456 875 toturn
1494 834 1689 875 locatum
1726 846 1801 873 ex-

270 903 403 943 terius
439 910 483 944 et
525 902 717 950 interius,
749 908 792 942 et
835 902 934 943 ideo
976 903 1150 944 additur
1182 903 1220 943 ei
1263 909 1484 957 respectus
1526 904 1581 944 ad
1621 901 1800 943 terciam

267 971 598 1021 dimensionem,
621 984 754 1024 quam
777 978 928 1013 tamen
951 984 1039 1012 non
1061 971 1207 1013 habet.

326 1040 499 1081 Deinde
532 1041 801 1093 querendum
834 1047 900 1081 est
931 1040 1037 1093 quid
1071 1040 1184 1081 ultra
1217 1040 1430 1081 unitatem
1463 1038 1705 1094 superficiei
1739 1051 1802 1078 re-

266 1109 450 1162 quiritur
472 1110 527 1149 ad
551 1110 763 1150 unitatem
787 1109 881 1149 loci.
943 1109 1003 1150 Et
1025 1109 1261 1150 dicendum
1284 1115 1360 1159 est,
1384 1110 1504 1162 quod
1533 1107 1802 1161 ydemptitas

270 1185 489 1232 respectus
525 1179 579 1219 ad
615 1179 767 1219 mundi
801 1178 921 1228 fines,
946 1178 1123 1230 scilicet,
1146 1186 1194 1220 ut
1225 1192 1291 1219 res
1323 1178 1466 1219 locata
1492 1177 1547 1219 sit
1573 1177 1615 1217 in
1648 1178 1802 1218 eadem
1843 1191 1856 1222 ,-

269 1248 481 1288 distancia
517 1262 542 1288 a
580 1248 777 1288 terminis
811 1249 963 1288 mundi
1001 1248 1112 1288 sicut
1148 1247 1294 1300 prius;
1335 1254 1379 1288 et
1413 1247 1494 1288 hoc
1529 1252 1710 1286 vocatur
1746 1246 1803 1286 ab

267 1314 512 1356 Aristotele
545 1316 832 1356 immobilitas
879 1316 973 1366 loci,
1010 1324 1053 1357 et
1096 1316 1156 1357 sic
1199 1315 1421 1368 perficitur
1456 1314 1549 1368 ejus
1586 1313 1800 1364 diffinicio‚

268 1397 400 1436 quarn
457 1385 663 1437 assignat,
697 1385 846 1426 dicens
886 1385 1007 1425 locus
1061 1391 1126 1425 est
1180 1384 1382 1425 ultimum
1432 1385 1492 1424 rei
1540 1383 1803 1424 continentis

271 1453 508 1500 immobile,
534 1453 577 1493 id
608 1459 684 1502 est,
710 1453 874 1494 habens
904 1454 1091 1494 eundem
1119 1453 1253 1493 situm
1288 1460 1487 1506 respectu
1515 1451 1801 1493 terminorum

271 1521 436 1569 mundi,
468 1521 541 1574 qui
576 1528 677 1561 sunt
714 1519 718 1576 Ι
754 1522 907 1572 oriem,
941 1523 1158 1571 occidens,
1192 1522 1385 1562 medium
1418 1521 1510 1571 celi,
1545 1528 1588 1562 et
1619 1520 1804 1574 angulus

268 1596 392 1639 terre,
418 1591 491 1643 qui
524 1597 588 1631 est
622 1597 809 1642 punctus
839 1591 880 1630 in
914 1590 1008 1631 celo
1037 1591 1117 1630 sub
1150 1596 1262 1630 terra
1290 1590 1520 1643 oppositus
1551 1590 1697 1630 medio
1723 1589 1802 1629 celi

268 1672 398 1711 super
430 1672 520 1708 nos,
550 1665 593 1700 et
630 1666 810 1713 propter
844 1660 938 1709 hoc,
970 1659 1098 1699 turris
1135 1659 1294 1700 dicitur
1329 1659 1439 1700 alico
1473 1659 1605 1700 modo
1641 1657 1803 1699 habere

270 1728 456 1768 eundem
480 1727 635 1777 locum,
660 1735 704 1769 et
731 1728 852 1781 virga
880 1728 1047 1769 habens
1077 1734 1222 1781 partes
1249 1728 1439 1769 diversas
1469 1728 1510 1767 in
1539 1740 1648 1776 aere,
1676 1739 1801 1779 aqua,

271 1802 314 1835 et
343 1801 468 1845 terra,
494 1797 596 1836 dum
629 1798 817 1838 eundem
849 1803 1095 1850 respectum
1123 1798 1179 1838 ad
1211 1797 1420 1838 terminos
1449 1795 1601 1836 mundi
1630 1794 1801 1835 habeat.

272 1863 385 1904 Cum
418 1864 549 1917 igitur
577 1866 719 1906 unitas
747 1865 1000 1918 superficiei,
1033 1879 1132 1906 cum
1162 1866 1246 1906 isto
1272 1872 1483 1919 respectu,
1514 1864 1669 1904 eodem
1701 1876 1802 1904 con·
1841 1902 1850 1912 ,
1878 1879 1881 1891 ¹

272 1933 449 1985 tingunt
471 1933 613 1983 simul,
638 1941 742 1975 tunc
763 1948 864 1975 vere
886 1942 927 1975 et
951 1935 1150 1975 similiter
1171 1935 1343 1987 proprie
1365 1940 1431 1975 est
1453 1934 1597 1982 locus;
1623 1933 1802 1985 quando

272 2014 375 2042 vero
411 2002 558 2043 deficit
598 2004 742 2043 unitas
785 2003 1040 2057 superficiei,
1079 2009 1182 2044 tunc
1220 2003 1439 2056 inproprie
1480 2002 1600 2043 locus
1631 2001 1800 2050 dicitur,

273 2070 475 2123 precipue
522 2077 734 2124 quantum
782 2073 838 2113 ad
891 2078 1088 2113 naturam
1138 2071 1409 2124 quantitatis,
1452 2084 1538 2123 que
1577 2069 1708 2111 debet
1749 2070 1804 2109 de

271 2139 465 2179 essencia
494 2153 587 2180 esse
616 2140 697 2180 loci
720 2141 896 2194 proprie
918 2141 1048 2190 dicti3
1082 2147 1124 2181 et
1154 2140 1331 2193 quando
1360 2139 1529 2180 diverse
1554 2137 1802 2193 superficies
1876 2138 1879 2210 f

272 2205 315 2245 in
336 2206 514 2248 diversis
534 2209 804 2262 temporibus
827 2211 988 2250 cadunt
1012 2210 1053 2249 in
1077 2209 1263 2249 eundem
1282 2209 1413 2249 situm
1434 2213 1633 2260 respectu
1653 2206 1801 2247 termi-
1821 2212 1878 2256 303

275 2287 429 2315 norum
460 2277 622 2326 mundi,
647 2277 809 2318 faciunt
837 2291 970 2318 unum
1003 2278 1160 2327 locum,
1183 2284 1249 2318 set
1277 2290 1363 2318 non
1391 2278 1434 2317 in
1457 2275 1688 2330 potissimo
1709 2288 1804 2315 esse
1876 2267 1877 2313 Ῐ

275 2342 369 2384 loci.
432 2343 623 2397 Quando
655 2347 791 2387 eciam
826 2346 953 2387 simul
987 2354 1029 2388 et
1059 2347 1194 2388 semel
1226 2352 1326 2386 sunt
1354 2345 1523 2386 diverse
1554 2344 1804 2398 superficies
1869 2317 1879 2386 ‘i

271 2418 318 2451 ut
349 2419 470 2463 terre,
503 2427 627 2466 aque,
651 2422 693 2456 et
725 2416 846 2465 aeris,
871 2422 914 2456 et
945 2415 1061 2457 solus
1092 2416 1200 2456 situs
1232 2421 1297 2456 est
1328 2414 1456 2464 idem,
1481 2420 1528 2455 ut
1559 2414 1681 2467 virga
1712 2412 1802 2452 fixa
1863 2417 1894 2487 43¹.

273 2482 315 2520 in
338 2481 477 2523 tribus
501 2483 740 2533 elementis,
762 2493 865 2525 tunc
894 2484 1036 2526 adhuc
1063 2485 1204 2524 minus
1233 2483 1408 2537 proprie
1436 2495 1568 2535 quam
1595 2483 1651 2522 de
1671 2488 1800 2530 turre,
1868 2494 1898 2552 ll

272 2551 372 2601 quia
395 2564 617 2604 nunquam
642 2566 727 2594 una
750 2553 999 2606 superficies
1021 2559 1085 2594 est
1109 2553 1150 2592 in
1174 2565 1261 2592 uno
1283 2559 1490 2604 tempore,
1514 2551 1613 2591 licet
1640 2551 1682 2590 in
1703 2550 1800 2599 alio,
1821 2547 1875 2627 35¹4*

321 2682 358 2710 17
384 2674 576 2714 perficitur]
588 2675 769 2714 perficetur
783 2675 823 2706 M
923 2686 963 2715 25
987 2675 1091 2716 Cum]
1105 2675 1250 2714 Quando
1263 2674 1327 2705 FD
1431 2675 1474 2704 26
1496 2673 1651 2704 similiter
1662 2683 1727 2704 om.
1739 2671 1803 2702 FD
1867 2648 1876 2706 'l

275 2734 317 2762 29
342 2734 418 2755 esse
437 2735 502 2755 om.
522 2726 556 2755 D
674 2737 719 2765 30
747 2728 871 2758 cadunt
889 2738 955 2758 om.
974 2727 1009 2757 D
1129 2738 1167 2767 31
1196 2737 1264 2757 non
1282 2737 1347 2757 om.
1367 2725 1402 2755 D
1523 2735 1565 2764 35
1581 2723 1801 2764 superficies]
1867 2721 1876 2775 i

274 2784 298 2804 s.
322 2775 374 2806 hic
394 2781 447 2806 set
464 2776 507 2807 ibi
526 2782 576 2808 est
595 2788 660 2808 una
677 2788 702 2809 s.
722 2778 756 2808 D
844 2784 895 2809 est
911 2779 944 2809 in
963 2802 970 2810 .
991 2802 998 2809 .
1019 2802 1026 2810 .
1045 2778 1128 2819 alio]
1146 2779 1200 2809 hic
1218 2778 1250 2808 F
1334 2777 1429 2818 licet]
1447 2776 1527 2808 licet
1543 2776 1608 2807 alia
1625 2776 1659 2806 D
1868 2780 1869 2783 ’
