1877 3131
99 879 226 919 47b1.

976 132 1052 171 168

243 249 508 298 cedentibus
541 248 716 300 quando
751 245 1017 299 comparavit
1051 251 1224 297 tempus
1263 257 1455 293 numero,
1488 244 1777 285 consideravit

245 330 472 358 numerum
507 316 745 356 secundum
781 314 999 354 racionem
1037 326 1248 361 mensure,
1284 319 1328 352 et
1359 318 1532 366 tempus
1566 312 1777 361 similiter,

245 401 331 427 non
373 386 513 426 solum
556 385 598 424 in
640 389 852 436 quantum
895 388 959 422 est
1006 395 1217 430 mensura,
1263 386 1328 421 set
1370 381 1412 420 in
1455 388 1668 434 quantum
1711 389 1777 422 est

245 455 445 496 accidens
466 469 474 501 ;
508 453 622 493 unde
644 451 797 491 volunt
820 451 964 490 dicere
989 450 1108 502 quod
1141 455 1314 502 tempus
1344 450 1525 490 omnino
1547 457 1613 491 est
1639 464 1774 491 unum

245 535 440 573 numer0‚
462 522 599 562 eciam
635 521 675 560 in
710 525 922 572 quantum
955 518 1168 568 accidens,
1189 519 1532 560 sicutnumerus
1564 525 1630 559 est
1662 532 1772 560 unus

244 605 426 632 numero
462 591 501 630 in
524 591 592 629 via
627 601 835 637 mensure,
859 594 925 628 set
961 600 1047 627 non
1080 587 1121 626 in
1152 586 1222 626 via
1244 587 1489 641 accidentis,
1555 586 1672 641 Quia
1693 587 1776 629 hoc

246 674 330 700 non
363 659 577 711 expressit
610 658 742 710 prius,
772 657 882 706 ideo,
912 669 966 695 ne
998 669 1114 696 error
1146 654 1280 706 fieret,
1302 656 1510 709 exposuit
1541 670 1587 696 se
1617 657 1659 696 in
1693 656 1778 698 fine

250 728 424 782 capituli
446 741 453 776 3
487 726 600 766 unde
624 726 715 779 ipse
737 725 877 764 innuit
900 737 945 764 se
967 724 1009 763 in
1032 724 1200 765 unitate
1226 724 1436 778 temporis
1458 739 1534 778 per
1562 725 1776 765 unitatem

245 797 423 845 numeri,
446 801 658 848 quantum
682 793 833 846 potuit.
873 797 879 801 '
900 792 976 833 Set
995 793 1098 845 quia
1120 793 1346 834 diversitas
1378 800 1443 834 est
1466 793 1656 842 aliunde,
1679 793 1777 834 ideo

245 866 327 906 hoc
351 865 391 904 in
416 864 501 903 fine
531 861 536 918 Ι
562 863 743 903 notavit.

307 1027 548 1080 Capitulum
574 1033 639 1078 7¹¹¹.
700 1025 750 1065 de
773 1026 967 1066 instanti.

306 1125 404 1164 Hiis
438 1123 674 1175 adjungam
708 1122 855 1174 aliqua
887 1122 943 1161 de
977 1121 1154 1161 instanti
1184 1127 1226 1162 et
1257 1136 1347 1170 evo,
1373 1134 1473 1162 nam
1505 1122 1670 1163 instans
1702 1123 1778 1163 dat

246 1193 471 1247 quoddam
514 1206 608 1232 esse
650 1191 848 1244 tempori,
891 1204 988 1230 cum
1031 1190 1086 1230 sit
1130 1189 1220 1242 ejus
1266 1191 1505 1240 terminus;
1550 1197 1594 1232 et
1635 1205 1776 1241 evum,

245 1263 482 1303 secundum
504 1261 743 1309 veritatem,
768 1265 832 1300 est
867 1259 1053 1299 multum
1084 1258 1225 1299 simile
1253 1259 1429 1299 instanti
1463 1259 1504 1299 in
1533 1259 1628 1309 hoc,
1658 1262 1775 1312 quod

246 1337 482 1383 utrumque
508 1336 574 1370 est
605 1327 875 1377 indivisibile,
901 1334 956 1377 et,
980 1328 1220 1368 secundum
1243 1328 1498 1380 opinionem
1525 1328 1774 1379 multorum,

248 1407 312 1440 est
336 1400 473 1451 magis
495 1398 631 1438 simile
653 1397 854 1451 tempori,
877 1398 1084 1450 quoniam
1117 1397 1266 1436 dicunt
1299 1397 1441 1450 ipsum
1471 1396 1631 1437 habere
1659 1399 1778 1450 prius

249 1477 290 1509 et
324 1468 540 1520 posterius
570 1467 900 1519 quodammodo
932 1465 1120 1518 speciali,
1153 1472 1196 1506 et
1229 1465 1340 1515 ideo,
1364 1466 1652 1506 necessarium
1684 1480 1777 1507 esse

244 1537 392 1590 judico
414 1536 686 1576 considerare
709 1535 763 1575 de
786 1549 879 1575 6νο.

307 1605 428 1645 Circa
457 1618 558 1644 vero
591 1605 765 1653 instans,
790 1605 928 1657 primo
957 1603 1181 1642 sciendum
1214 1609 1277 1642 est
1303 1602 1359 1642 de
1388 1603 1480 1655 ejus
1513 1605 1704 1646 essencia
1735 1612 1778 1645 et

248 1688 352 1715 esse.
409 1673 672 1713 Aristoteles
695 1673 873 1725 quidem
896 1673 1011 1720 dicit,
1035 1672 1153 1725 quod
1176 1671 1341 1711 instans
1363 1671 1497 1712 habet
1515 1685 1609 1713 esse
1627 1672 1775 1723 fluens,
1801 1687 1814 1708 2

248 1749 291 1783 et
309 1756 392 1782 non
412 1749 476 1783 est
493 1741 644 1790 fixum,
663 1742 772 1781 sicut
795 1746 989 1794 punctus.
1050 1740 1122 1779 Ex
1146 1740 1227 1780 hoc
1247 1740 1389 1791 igitur,
1407 1740 1626 1781 videretur
1647 1741 1774 1782 alicui

246 1812 362 1863 quod
388 1811 553 1850 instans
575 1823 661 1850 non
685 1816 798 1850 esset
821 1810 1000 1849 omnino
1025 1808 1296 1857 indivisibile,
1313 1821 1412 1849 cum
1430 1808 1589 1850 habeat
1612 1809 1776 1863 aliquid

245 1879 525 1919 successionis
562 1884 604 1918 et
636 1878 888 1918 variacionis
925 1878 965 1917 in
999 1891 1076 1918 suo
1107 1890 1227 1917 esse:
1260 1883 1302 1918 et
1335 1877 1368 1917 si
1399 1878 1439 1917 in
1474 1891 1577 1926 esse,
1600 1892 1704 1931 ergo
1737 1880 1778 1919 in

247 1947 504 1996 substancia,
528 1947 627 1999 quia
647 1947 728 1987 hoc
752 1960 844 1986 esse
867 1952 931 1986 est
955 1945 1187 1986 essenciale
1209 1946 1456 1987 substancie
1477 1945 1580 1998 ejus.
1647 1948 1777 2001 Ergo,

246 2016 415 2055 videtur
436 2017 596 2056 habere
619 2016 789 2056 diversa
812 2029 916 2064 esse,
945 2028 1130 2066 quorum
1162 2027 1296 2054 unum
1325 2014 1397 2054 alii
1419 2015 1624 2065 succedit,
1648 2022 1691 2056 et
1716 2016 1777 2056 ita

247 2084 325 2123 erit
348 2085 403 2123 de
421 2090 575 2123 natura
601 2084 821 2137 temporis,
846 2090 889 2124 et
918 2084 1124 2131 continui,
1147 2089 1190 2123 ct
1215 2083 1485 2135 quantitatis.
1549 2083 1608 2123 Et
1634 2084 1777 2125 dicen·
1837 2126 1849 2139 K,

247 2152 352 2191 dum
376 2158 440 2191 est
463 2153 593 2204 quod,
615 2152 719 2204 quia
741 2159 915 2204 tempus
948 2165 1035 2192 non
1067 2152 1200 2192 habet
1224 2165 1318 2191 esse
1342 2151 1421 2191 nisi
1446 2152 1487 2191 in
1510 2151 1645 2202 fluxu,
1680 2152 1777 2193 ideo

246 2219 420 2267 instans,
446 2221 562 2271 quod
593 2226 658 2259 est
684 2220 776 2272 ejus
804 2221 1025 2270 terminus,
1062 2227 1104 2260 et
1134 2220 1210 2260 dat
1243 2220 1281 2259 ei
1310 2233 1404 2260 esse
1433 2220 1774 2272 quodammodo,

247 2287 349 2339 quia
391 2289 467 2328 dat
509 2288 545 2328 ei
584 2287 812 2338 finitatem,
858 2289 993 2329 habet
1036 2295 1236 2328 naturam
1278 2287 1490 2327 fluxibilis
1527 2302 1605 2328 suo
1641 2289 1775 2335 modo

248 2356 513 2409 impartibili,
547 2363 611 2396 set
654 2356 798 2396 fluxus
842 2358 882 2396 in
927 2363 1124 2410 tempore
1161 2357 1287 2410 ponit
1322 2363 1469 2409 partes
1504 2357 1697 2398 diversas
1729 2365 1771 2398 et
1794 2373 1808 2402 ,⁴

246 2430 430 2476 quantas
464 2424 690 2476 copulatas
722 2426 776 2465 ad
810 2439 1086 2466 communem
1117 2426 1364 2465 terminum.
1430 2424 1518 2465 Ista
1548 2438 1651 2465 vero
1683 2439 1777 2466 esse
1838 2476 1839 2483 ἵ

248 2492 381 2544 ipsius
403 2492 604 2533 instantis
627 2498 726 2533 sunt
757 2495 1087 2545 quodammodo
1117 2493 1297 2544 diversa,
1321 2500 1386 2534 set
1408 2507 1493 2534 non
1519 2494 1777 2546 copulantur

248 2560 302 2599 ad
318 2573 591 2601 communem
610 2562 842 2601 terminum
859 2563 1095 2602 secundum
1114 2562 1329 2603 racionem
1345 2562 1584 2615 specierum
1603 2563 1774 2615 quanti-

293 2702 311 2720 2
329 2692 501 2732 mensure]
520 2693 552 2722 in
572 2693 637 2722 fine
655 2693 688 2722 D
811 2703 848 2730 13
873 2696 1058 2734 quoddam]
1077 2695 1292 2734 quoddmodo
1310 2695 1342 2725 F
1460 2705 1497 2733 14
1522 2695 1629 2735 quod]
1647 2695 1723 2734 quia
1741 2695 1778 2725 D

253 2751 286 2779 ¹7
313 2743 539 2773 necessarium
558 2744 650 2783 esse]
669 2750 863 2775 necessaret
884 2746 915 2774 D
1004 2756 1046 2776 20
1069 2745 1222 2786 quidem]
1240 2746 1374 2786 quidam
1392 2745 1425 2776 F
1521 2756 1559 2777 21
1585 2746 1774 2787 videretur]

248 2793 380 2822 videtur
399 2793 430 2821 D
562 2805 600 2832 27
627 2805 701 2824 esse
719 2805 782 2826 om.
804 2796 836 2824 D
968 2807 1010 2835 30
1035 2797 1245 2838 impartibili]
1262 2797 1294 2827 in
1311 2797 1502 2837 particulari
1520 2797 1552 2828 F

1797 540 1821 571 5.

1800 882 1833 904 Ι(

1801 1345 1835 1376 ῙΞ
