1877 3131
786 154 865 196 J73

57 271 121 307 est
163 261 411 303 substancia
452 258 661 312 temporis
703 257 805 307 dati,
847 256 948 309 quia
990 255 1071 295 hoc
1114 266 1289 307 presens
1332 260 1398 293 est
1444 252 1586 305 ipsum

55 341 240 386 tempus,
259 336 301 370 et
333 329 368 370 si
399 328 482 369 hoc
516 326 777 379 intelligunt,
799 331 902 366 tunc
935 323 1087 363 dicunt
1111 335 1259 362 verum
1278 321 1395 373 quod
1420 320 1587 360 instans

55 409 121 443 est
160 398 408 441 substancia
448 396 685 449 temporis3
738 400 805 435 set
845 393 877 432 si
920 392 1061 446 primo
1098 390 1244 438 modo,
1278 396 1379 430 tunc
1421 389 1587 429 habent

55 469 208 511 falsum
241 466 520 508 intellectum.

117 609 358 663 Capitulum
379 615 573 650 oclavltm
595 607 646 648 de
664 621 749 648 evo.

115 711 285 752 Estimo
317 710 385 750 hic
419 710 706 751 necessarium
736 721 842 757 esse,
873 712 921 748 ut
950 712 1186 759 tangantur
1220 705 1365 756 aliqua
1391 705 1446 744 de
1478 717 1586 751 evo3

58 793 157 822 nam
181 780 419 820 secundum
452 779 683 819 veritatem
707 790 835 818 evum
859 783 923 816 est
945 775 1074 816 valde
1105 773 1246 814 simile
1271 773 1463 822 instanti,
1485 773 1588 827 quia

0 842 2 853 ¹
58 855 120 890 est
143 847 416 897 indivisibile,
438 854 481 888 et
500 848 741 888 secundum
760 846 1009 899 opinionem
1028 843 1265 884 multorum
1282 856 1410 883 evum
1429 843 1589 883 dicitur

58 918 214 959 habere
248 917 366 970 prius
403 922 446 956 et
482 916 710 969 posterius,
754 922 796 956 et
819 914 879 954 ita
905 914 1143 955 secundum
1178 926 1252 953 eos
1285 911 1457 952 videtur
1495 925 1587 952 esse

21 1007 40 1028 0
59 985 194 1026 simile
216 985 412 1038 tempori,
433 991 476 1025 et
504 992 653 1025 tamen
675 983 817 1024 differt
839 981 1130 1023 essencialiter
1159 980 1162 1033 Ι
1190 981 1245 1021 ab
1263 987 1461 1032 utroque,
1484 994 1586 1033 qua·
1607 993 1647 1022 49
1663 991 1681 1011 ²1
1702 990 1728 1011 1·

57 1060 235 1108 propter
251 1060 297 1093 ut
311 1053 488 1093 videant
505 1053 655 1093 melius
673 1058 875 1092 naturam
889 1050 1103 1104 temporis
1120 1056 1163 1090 et
1178 1049 1390 1100 instantis,
1405 1049 1587 1102 expedit

58 1128 104 1162 ut
127 1121 290 1175 aliquid
313 1122 368 1162 de
390 1135 470 1162 evo
494 1122 677 1170 dicatur,
702 1120 902 1173 quamvis
924 1119 1015 1172 ejus
1045 1119 1360 1159 determinacio
1387 1117 1589 1158 absoluta

58 1196 99 1230 et
123 1190 313 1243 perfecta
345 1190 543 1231 videatur
570 1191 709 1243 magis
741 1190 796 1229 ad
829 1188 1194 1241 methaphisicum
1228 1187 1451 1239 pertinere.
1518 1186 1588 1225 De

58 1259 286 1299 eternitate
330 1271 433 1298 vero
476 1259 668 1299 increata
707 1257 837 1298 nichil
874 1257 1032 1297 estimo
1073 1256 1141 1295 hic
1183 1256 1430 1302 dicendum,
1469 1255 1586 1294 aliud

7 1341 39 1372 15
58 1340 190 1379 quam
222 1327 341 1378 quod
375 1340 400 1366 a
435 1327 649 1380 principio
684 1327 850 1367 dictum
883 1332 959 1376 est,
992 1325 1094 1378 quia
1123 1323 1250 1376 hujus
1277 1323 1587 1364 determinacio

0 1407 1 1415 ¹
57 1393 302 1448 specialiter
344 1394 663 1448 methaphisico
705 1400 963 1435 reservatur.
1025 1393 1156 1433 Nunc
1199 1392 1330 1445 igitur
1371 1391 1587 1432 consider-

56 1464 219 1505 andum
243 1469 320 1511 est,
342 1477 397 1504 an
420 1477 548 1504 evum
578 1463 739 1504 habeat
769 1468 939 1517 partem
962 1468 1005 1502 et
1027 1468 1210 1515 partem,
1238 1474 1293 1500 an
1317 1461 1372 1502 sit
1393 1459 1586 1500 indivisi-

0 1522 1 1532 ¹
58 1531 170 1580 bile3
203 1533 413 1581 secundo,
435 1545 490 1572 an
513 1546 591 1573 sua
614 1531 935 1573 indivisibilitas
953 1531 1006 1571 sit
1029 1530 1350 1571 indivisibilitas
1373 1529 1587 1579 instantis,

59 1606 100 1641 et
122 1600 204 1642 hoc
227 1607 292 1641 est
314 1603 433 1653 quod
457 1602 512 1642 sit
531 1602 647 1642 idern
671 1602 791 1653 quod
811 1601 974 1641 instans
993 1613 1000 1649 ;
1030 1600 1177 1649 tercio,
1195 1600 1250 1639 de
1278 1598 1282 1652 1
1311 1598 1402 1652 ejus
1420 1598 1587 1638 unitate
1607 1602 1643 1633 F.
1666 1611 1797 1634 100a1.

0 1683 41 1724 2²0
59 1675 101 1710 et
122 1668 386 1721 pluralitate.
451 1669 583 1723 Quod
598 1675 745 1711 autem
768 1682 854 1710 non
872 1669 1031 1709 habeat
1046 1674 1205 1722 partes,
1223 1666 1414 1708 clamant
1436 1680 1588 1707 omnes

0 1732 1 1765 Ῑ
59 1744 258 1787 autores;
292 1752 381 1779 non
413 1740 529 1779 enim
567 1739 776 1792 reperitur
807 1738 964 1791 aliquis
995 1738 1068 1791 qui
1100 1738 1215 1778 dicat
1246 1736 1522 1784 contrarium,
1545 1742 1588 1775 et

59 1819 134 1860 per
166 1806 385 1847 racionem
420 1808 503 1849 sic:
537 1822 664 1848 evum
704 1821 750 1848 se
783 1807 918 1848 habet
947 1808 1002 1847 ad
1039 1820 1106 1846 res
1140 1812 1457 1860 permanentes,
1478 1805 1588 1845 sicut

59 1881 230 1927 tempus
253 1877 308 1916 ad
331 1877 599 1918 successivas
622 1891 630 1927 ;
662 1882 729 1917 set
752 1889 846 1917 esse
880 1875 939 1915 rei
962 1875 1254 1927 permanentis
1277 1874 1486 1914 dividitur
1511 1886 1588 1926 per

60 1944 311 1997 oppositum
345 1952 498 1986 contra
532 1959 625 1987 esse
667 1945 726 1986 rei
767 1945 1029 1986 successive:
1063 1957 1179 1997 ergo,
1216 1957 1316 1983 cum
1347 1943 1401 1983 de
1432 1948 1587 1982 natura

6 2030 41 2061 25
60 2013 345 2054 successionis
374 2015 443 2065 sit,
466 2022 514 2055 ut
537 2015 697 2055 habeat
730 2021 891 2067 partes,
912 2019 1015 2054 tunc
1048 2013 1164 2053 racio
1185 2010 1476 2065 permanentis
1507 2009 1586 2050 erit

61 2093 136 2134 per
157 2082 399 2123 carenciam
423 2083 633 2135 parcium.
698 2083 756 2123 Et
779 2083 890 2132 ideo,
912 2082 1022 2123 sicut
1045 2095 1244 2122 mensura
1262 2081 1321 2120 rei
1345 2079 1587 2120 successive

60 2149 190 2190 habet
226 2156 387 2203 partes,
423 2151 483 2193 sic
519 2165 719 2192 mensura
752 2164 894 2192 rerum
928 2150 1281 2204 permanencium
1314 2148 1476 2190 carebit
1512 2148 1585 2188 eis.

63 2218 184 2269 Item,
207 2219 241 2259 si
273 2219 436 2259 habeat
471 2233 597 2260 evum
632 2226 790 2272 partes,
823 2226 925 2260 tunc
959 2225 1033 2260 aut
1067 2224 1192 2260 erunt
1224 2217 1351 2258 simul
1383 2224 1460 2258 aut
1491 2229 1585 2257 suc-

61 2287 228 2328 cedent.
290 2286 338 2328 Si
361 2287 503 2338 simul,
527 2294 632 2328 tunc
654 2288 793 2329 altera
810 2287 1050 2340 superfluit,
1067 2287 1169 2340 quia
1190 2287 1310 2340 quod
1333 2292 1397 2327 est
1419 2286 1474 2326 de
1496 2298 1589 2325 esse

6 2373 45 2404 30
63 2355 120 2394 rei
147 2356 441 2408 permanentis
474 2356 617 2408 simul,
642 2357 785 2409 potuit
819 2370 904 2396 una
935 2363 1058 2408 parte
1091 2356 1157 2396 evi
1191 2354 1456 2402 mensurari3
1488 2366 1590 2394 narn

105 2495 146 2516 20
170 2487 280 2521 Quod
296 2491 420 2518 autem
447 2510 453 2517 .
479 2511 486 2517 .
513 2511 519 2517 .
547 2487 621 2517 The
647 2490 720 2517 text
749 2491 784 2517 to
811 2496 841 2526 p.
871 2487 932 2516 180
957 2486 1130 2516 coincides
1157 2485 1242 2516 with
1267 2485 1324 2515 the
1349 2484 1414 2522 Op.
1438 2482 1589 2513 Tertium

63 2537 135 2577 (pp.
156 2538 301 2578 189-197
313 2539 364 2569 ed.
383 2538 554 2579 Brewer).
594 2538 771 2578 Readings
787 2549 844 2569 are
862 2538 950 2568 cited
967 2548 1005 2569 as
1022 2537 1064 2568 Β.

105 2656 126 2685 6
148 2656 347 2697 tangantur]
364 2661 521 2696 tangatur
536 2656 571 2686 D
684 2666 717 2685 11
744 2655 795 2696 ut]
813 2656 903 2695 quod
920 2655 954 2686 D
1090 2664 1127 2693 15
1151 2655 1240 2694 quod
1255 2664 1320 2684 om.
1338 2652 1373 2683 D
1474 2652 1588 2693 hujus]

64 2705 126 2736 hec
141 2705 175 2736 F
319 2717 361 2747 25
386 2712 466 2739 tunc
484 2707 592 2748 racio]
610 2713 690 2738 tunc
709 2717 784 2738 esse
800 2706 897 2737 FBD
999 2705 1247 2746 permanentis]
1264 2704 1539 2744 permanencium
1555 2703 1590 2733 D

64 2756 106 2786 28
127 2758 327 2799 succedent]
355 2759 579 2790 succederent
609 2758 691 2790 FB:
723 2759 910 2790 succedunt
935 2758 970 2789 D
1137 2766 1180 2796 30
1206 2756 1331 2797 potuit]
1357 2761 1470 2796 potest
1495 2755 1590 2786 FBD

67 2808 145 2848 una]
163 2809 260 2839 unius
276 2809 310 2839 D
