<?xml version="1.0" encoding="UTF-8"?>
<!DOCTYPE html PUBLIC "-//W3C//DTD XHTML 1.0 Transitional//EN"
    "http://www.w3.org/TR/xhtml1/DTD/xhtml1-transitional.dtd">
<html xmlns="http://www.w3.org/1999/xhtml" xml:lang="en" lang="en">
 <head>
  <title>
</title>
<meta http-equiv="Content-Type" content="text/html;charset=utf-8" />
  <meta name='ocr-system' content='tesseract 3.04.00' />
  <meta name='ocr-capabilities' content='ocr_page ocr_carea ocr_par ocr_line ocrx_word'/>
</head>
<body>
  <div class='ocr_page' id='page_1' title='image "./operahactenusine03baco_0156.png"; bbox 0 0 1898 3126; ppageno 0'>
   <div class='ocr_carea' id='block_1_1' title="bbox 97 917 219 947">
    <p class='ocr_par' dir='ltr' id='par_1_1' title="bbox 97 917 219 947">
     <span class='ocr_line' id='line_1_1' title="bbox 97 917 219 947; baseline -0.008 -1"><span class='ocrx_word' id='word_1_1' title='bbox 97 917 219 947; x_wconf 59' lang='grc' dir='ltr'>διαὶ.</span> 
     </span>
    </p>
   </div>
   <div class='ocr_carea' id='block_1_2' title="bbox 959 104 1040 145">
    <p class='ocr_par' dir='ltr' id='par_1_2' title="bbox 959 104 1040 145">
     <span class='ocr_line' id='line_1_2' title="bbox 959 104 1040 145; baseline -0.025 0"><span class='ocrx_word' id='word_1_2' title='bbox 959 104 1040 145; x_wconf 82' lang='lat'>280</span> 
     </span>
    </p>
   </div>
   <div class='ocr_carea' id='block_1_3' title="bbox 232 220 1847 2813">
    <p class='ocr_par' dir='ltr' id='par_1_3' title="bbox 232 220 1767 342">
     <span class='ocr_line' id='line_1_3' title="bbox 232 220 1767 275; baseline -0.003 -12"><span class='ocrx_word' id='word_1_3' title='bbox 232 223 421 263; x_wconf 86' lang='lat' dir='ltr'>alterius.</span> <span class='ocrx_word' id='word_1_4' title='bbox 484 222 563 263; x_wconf 87' lang='lat' dir='ltr'>Set</span> <span class='ocrx_word' id='word_1_5' title='bbox 595 221 758 262; x_wconf 90' lang='lat' dir='ltr'>decisio</span> <span class='ocrx_word' id='word_1_6' title='bbox 791 220 963 261; x_wconf 89' lang='lat' dir='ltr'>seminis</span> <span class='ocrx_word' id='word_1_7' title='bbox 995 233 1082 260; x_wconf 92' lang='lat' dir='ltr'>non</span> <span class='ocrx_word' id='word_1_8' title='bbox 1114 227 1179 261; x_wconf 90' lang='lat' dir='ltr'>est</span> <span class='ocrx_word' id='word_1_9' title='bbox 1211 233 1310 260; x_wconf 89' lang='lat' dir='ltr'>cum</span> <span class='ocrx_word' id='word_1_10' title='bbox 1340 220 1491 260; x_wconf 89' lang='lat' dir='ltr'>dolore</span> <span class='ocrx_word' id='word_1_11' title='bbox 1524 234 1603 262; x_wconf 86' lang='lat' dir='ltr'>nec</span> <span class='ocrx_word' id='word_1_12' title='bbox 1637 234 1767 275; x_wconf 71' lang='lat' dir='ltr'>pena,</span> 
     </span>
     <span class='ocr_line' id='line_1_4' title="bbox 238 288 1765 342; baseline 0.001 -12"><span class='ocrx_word' id='word_1_13' title='bbox 238 291 361 340; x_wconf 84' lang='lat' dir='ltr'>Item,</span> <span class='ocrx_word' id='word_1_14' title='bbox 377 289 572 342; x_wconf 85' lang='lat' dir='ltr'>quelibet</span> <span class='ocrx_word' id='word_1_15' title='bbox 589 303 688 342; x_wconf 91' lang='lat' dir='ltr'>pars</span> <span class='ocrx_word' id='word_1_16' title='bbox 710 289 848 330; x_wconf 91' lang='lat' dir='ltr'>carnis</span> <span class='ocrx_word' id='word_1_17' title='bbox 865 302 965 329; x_wconf 89' lang='lat' dir='ltr'>caro</span> <span class='ocrx_word' id='word_1_18' title='bbox 986 295 1064 337; x_wconf 88' lang='lat' dir='ltr'>est,</span> <span class='ocrx_word' id='word_1_19' title='bbox 1087 296 1130 329; x_wconf 89' lang='lat' dir='ltr'>et</span> <span class='ocrx_word' id='word_1_20' title='bbox 1151 288 1344 341; x_wconf 83' lang='lat' dir='ltr'>quelibet</span> <span class='ocrx_word' id='word_1_21' title='bbox 1369 302 1468 341; x_wconf 89' lang='lat' dir='ltr'>pars</span> <span class='ocrx_word' id='word_1_22' title='bbox 1492 290 1598 330; x_wconf 90' lang='lat' dir='ltr'>ossis</span> <span class='ocrx_word' id='word_1_23' title='bbox 1616 303 1665 330; x_wconf 89' lang='lat' dir='ltr'>os</span> <span class='ocrx_word' id='word_1_24' title='bbox 1683 295 1765 339; x_wconf 83' lang='lat' dir='ltr'>est,</span> 
     </span>
    </p>

    <p class='ocr_par' dir='ltr' id='par_1_4' title="bbox 236 357 1761 412">
     <span class='ocr_line' id='line_1_5' title="bbox 236 357 1761 412; baseline 0 -13"><span class='ocrx_word' id='word_1_25' title='bbox 236 365 277 399; x_wconf 88' lang='lat' dir='ltr'>et</span> <span class='ocrx_word' id='word_1_26' title='bbox 301 359 419 399; x_wconf 87' lang='lat' dir='ltr'>nervi</span> <span class='ocrx_word' id='word_1_27' title='bbox 442 371 608 406; x_wconf 81' lang='lat' dir='ltr'>nervuS‚</span> <span class='ocrx_word' id='word_1_28' title='bbox 625 364 667 399; x_wconf 90' lang='lat' dir='ltr'>et</span> <span class='ocrx_word' id='word_1_29' title='bbox 690 358 749 398; x_wconf 91' lang='lat' dir='ltr'>sic</span> <span class='ocrx_word' id='word_1_30' title='bbox 767 358 823 397; x_wconf 90' lang='lat' dir='ltr'>de</span> <span class='ocrx_word' id='word_1_31' title='bbox 844 357 964 406; x_wconf 90' lang='lat' dir='ltr'>aliis;</span> <span class='ocrx_word' id='word_1_32' title='bbox 989 370 1093 411; x_wconf 89' lang='lat' dir='ltr'>ergo</span> <span class='ocrx_word' id='word_1_33' title='bbox 1112 357 1379 410; x_wconf 88' lang='lat' dir='ltr'>relinquetur</span> <span class='ocrx_word' id='word_1_34' title='bbox 1396 357 1515 411; x_wconf 89' lang='lat' dir='ltr'>quod</span> <span class='ocrx_word' id='word_1_35' title='bbox 1538 359 1573 399; x_wconf 92' lang='lat' dir='ltr'>si</span> <span class='ocrx_word' id='word_1_36' title='bbox 1596 358 1761 412; x_wconf 90' lang='lat' dir='ltr'>aliquid</span> 
     </span>
    </p>

    <p class='ocr_par' dir='ltr' id='par_1_5' title="bbox 235 426 1813 684">
     <span class='ocr_line' id='line_1_6' title="bbox 236 426 1763 481; baseline -0.001 -12"><span class='ocrx_word' id='word_1_37' title='bbox 236 444 260 468; x_wconf 88' lang='lat' dir='ltr'>a</span> <span class='ocrx_word' id='word_1_38' title='bbox 283 441 410 469; x_wconf 90' lang='lat' dir='ltr'>carne</span> <span class='ocrx_word' id='word_1_39' title='bbox 432 433 655 481; x_wconf 82' lang='lat' dir='ltr'><strong>separetur</strong></span> <span class='ocrx_word' id='word_1_40' title='bbox 680 427 746 467; x_wconf 92' lang='lat' dir='ltr'>vel</span> <span class='ocrx_word' id='word_1_41' title='bbox 780 440 877 467; x_wconf 84' lang='lat' dir='ltr'>osse</span> <span class='ocrx_word' id='word_1_42' title='bbox 903 426 972 467; x_wconf 89' lang='lat' dir='ltr'>vel</span> <span class='ocrx_word' id='word_1_43' title='bbox 1002 439 1147 473; x_wconf 91' lang='lat' dir='ltr'>nervo,</span> <span class='ocrx_word' id='word_1_44' title='bbox 1174 426 1256 467; x_wconf 90' lang='lat' dir='ltr'>hoc</span> <span class='ocrx_word' id='word_1_45' title='bbox 1278 426 1358 467; x_wconf 91' lang='lat' dir='ltr'>erit</span> <span class='ocrx_word' id='word_1_46' title='bbox 1379 426 1560 481; x_wconf 84' lang='lat' dir='ltr'>aliquod</span> <span class='ocrx_word' id='word_1_47' title='bbox 1580 427 1763 468; x_wconf 86' lang='lat' dir='ltr'>frustum</span> 
     </span>
     <span class='ocr_line' id='line_1_7' title="bbox 235 494 1813 549; baseline 0 -12"><span class='ocrx_word' id='word_1_48' title='bbox 235 498 373 537; x_wconf 85' lang='lat' dir='ltr'>carnis</span> <span class='ocrx_word' id='word_1_49' title='bbox 393 496 460 537; x_wconf 90' lang='lat' dir='ltr'>vel</span> <span class='ocrx_word' id='word_1_50' title='bbox 484 495 660 549; x_wconf 83' lang='lat' dir='ltr'>aliquod</span> <span class='ocrx_word' id='word_1_51' title='bbox 683 494 879 548; x_wconf 83' lang='lat' dir='ltr'>fragmen</span> <span class='ocrx_word' id='word_1_52' title='bbox 901 496 1020 542; x_wconf 90' lang='lat' dir='ltr'>ossis,</span> <span class='ocrx_word' id='word_1_53' title='bbox 1043 494 1110 536; x_wconf 91' lang='lat' dir='ltr'>vel</span> <span class='ocrx_word' id='word_1_54' title='bbox 1140 494 1285 548; x_wconf 86' lang='lat' dir='ltr'>aliqua</span> <span class='ocrx_word' id='word_1_55' title='bbox 1319 495 1467 548; x_wconf 92' lang='lat' dir='ltr'>porcio</span> <span class='ocrx_word' id='word_1_56' title='bbox 1489 496 1619 543; x_wconf 85' lang='lat' dir='ltr'>nervi,</span> <span class='ocrx_word' id='word_1_57' title='bbox 1643 503 1686 537; x_wconf 90' lang='lat' dir='ltr'>et</span> <span class='ocrx_word' id='word_1_58' title='bbox 1708 496 1765 537; x_wconf 86' lang='lat' dir='ltr'>sic</span> <span class='ocrx_word' id='word_1_59' title='bbox 1789 512 1813 545; x_wconf 73' lang='lat'>52</span> 
     </span>
     <span class='ocr_line' id='line_1_8' title="bbox 236 563 1763 617; baseline 0 -11"><span class='ocrx_word' id='word_1_60' title='bbox 236 567 289 606; x_wconf 87' lang='lat' dir='ltr'>dc</span> <span class='ocrx_word' id='word_1_61' title='bbox 311 566 418 613; x_wconf 87' lang='lat' dir='ltr'>aliis,</span> <span class='ocrx_word' id='word_1_62' title='bbox 442 572 507 605; x_wconf 92' lang='lat' dir='ltr'>set</span> <span class='ocrx_word' id='word_1_63' title='bbox 536 577 684 605; x_wconf 88' lang='lat' dir='ltr'>semen</span> <span class='ocrx_word' id='word_1_64' title='bbox 715 577 800 604; x_wconf 91' lang='lat' dir='ltr'>non</span> <span class='ocrx_word' id='word_1_65' title='bbox 833 570 898 604; x_wconf 90' lang='lat' dir='ltr'>est</span> <span class='ocrx_word' id='word_1_66' title='bbox 925 563 1189 617; x_wconf 90' lang='lat' dir='ltr'>hujusmodi.</span> <span class='ocrx_word' id='word_1_67' title='bbox 1253 565 1379 613; x_wconf 85' lang='lat' dir='ltr'>Item,</span> <span class='ocrx_word' id='word_1_68' title='bbox 1401 565 1434 604; x_wconf 92' lang='lat' dir='ltr'>si</span> <span class='ocrx_word' id='word_1_69' title='bbox 1466 564 1587 606; x_wconf 87' lang='lat' dir='ltr'>fieret</span> <span class='ocrx_word' id='word_1_70' title='bbox 1615 578 1763 606; x_wconf 87' lang='lat' dir='ltr'>semen</span> 
     </span>
     <span class='ocr_line' id='line_1_9' title="bbox 237 630 1767 684; baseline 0 -12"><span class='ocrx_word' id='word_1_71' title='bbox 237 633 291 672; x_wconf 88' lang='lat' dir='ltr'>de</span> <span class='ocrx_word' id='word_1_72' title='bbox 313 645 409 672; x_wconf 89' lang='lat' dir='ltr'>osse</span> <span class='ocrx_word' id='word_1_73' title='bbox 431 638 474 671; x_wconf 90' lang='lat' dir='ltr'>et</span> <span class='ocrx_word' id='word_1_74' title='bbox 496 643 622 670; x_wconf 91' lang='lat' dir='ltr'>carne</span> <span class='ocrx_word' id='word_1_75' title='bbox 645 636 688 670; x_wconf 91' lang='lat' dir='ltr'>et</span> <span class='ocrx_word' id='word_1_76' title='bbox 710 630 819 680; x_wconf 82' lang='lat' dir='ltr'>aliis,</span> <span class='ocrx_word' id='word_1_77' title='bbox 839 636 941 670; x_wconf 90' lang='lat' dir='ltr'>tunc</span> <span class='ocrx_word' id='word_1_78' title='bbox 961 637 1036 670; x_wconf 89' lang='lat' dir='ltr'>aut</span> <span class='ocrx_word' id='word_1_79' title='bbox 1059 644 1135 684; x_wconf 93' lang='lat' dir='ltr'>per</span> <span class='ocrx_word' id='word_1_80' title='bbox 1164 630 1419 670; x_wconf 82' lang='lat' dir='ltr'>divisionem</span> <span class='ocrx_word' id='word_1_81' title='bbox 1451 631 1586 683; x_wconf 87' lang='lat' dir='ltr'>partis</span> <span class='ocrx_word' id='word_1_82' title='bbox 1610 644 1635 671; x_wconf 87' lang='lat' dir='ltr'>a</span> <span class='ocrx_word' id='word_1_83' title='bbox 1657 637 1767 681; x_wconf 87' lang='lat' dir='ltr'>toto,</span> 
     </span>
    </p>

    <p class='ocr_par' dir='ltr' id='par_1_6' title="bbox 238 699 1847 2813">
     <span class='ocr_line' id='line_1_10' title="bbox 238 699 1770 752; baseline 0 -12"><span class='ocrx_word' id='word_1_84' title='bbox 238 708 280 741; x_wconf 79' lang='lat' dir='ltr'>et</span> <span class='ocrx_word' id='word_1_85' title='bbox 304 701 385 740; x_wconf 88' lang='lat' dir='ltr'>hoc</span> <span class='ocrx_word' id='word_1_86' title='bbox 409 705 522 740; x_wconf 90' lang='lat' dir='ltr'>stare</span> <span class='ocrx_word' id='word_1_87' title='bbox 543 712 630 739; x_wconf 91' lang='lat' dir='ltr'>non</span> <span class='ocrx_word' id='word_1_88' title='bbox 653 704 800 752; x_wconf 89' lang='lat' dir='ltr'>potest</span> <span class='ocrx_word' id='word_1_89' title='bbox 831 705 1011 752; x_wconf 90' lang='lat' dir='ltr'>propter</span> <span class='ocrx_word' id='word_1_90' title='bbox 1033 699 1227 740; x_wconf 82' lang='lat' dir='ltr'>raciones</span> <span class='ocrx_word' id='word_1_91' title='bbox 1249 699 1358 740; x_wconf 87' lang='lat' dir='ltr'>duas</span> <span class='ocrx_word' id='word_1_92' title='bbox 1384 711 1497 740; x_wconf 88' lang='lat' dir='ltr'>nunc</span> <span class='ocrx_word' id='word_1_93' title='bbox 1519 705 1674 749; x_wconf 87' lang='lat' dir='ltr'>tactas,</span> <span class='ocrx_word' id='word_1_94' title='bbox 1694 707 1770 740; x_wconf 87' lang='lat' dir='ltr'>aut</span> 
     </span>
     <span class='ocr_line' id='line_1_11' title="bbox 239 766 1770 822; baseline -0.001 -13"><span class='ocrx_word' id='word_1_95' title='bbox 239 782 314 822; x_wconf 86' lang='lat' dir='ltr'>per</span> <span class='ocrx_word' id='word_1_96' title='bbox 337 767 753 809; x_wconf 89' lang='lat' dir='ltr'>transmutacionem</span> <span class='ocrx_word' id='word_1_97' title='bbox 771 766 1014 807; x_wconf 79' lang='lat' dir='ltr'>naturalem</span> <span class='ocrx_word' id='word_1_98' title='bbox 1032 773 1076 807; x_wconf 93' lang='lat' dir='ltr'>et</span> <span class='ocrx_word' id='word_1_99' title='bbox 1090 767 1417 808; x_wconf 87' lang='lat' dir='ltr'>conversionem</span> <span class='ocrx_word' id='word_1_100' title='bbox 1435 767 1618 821; x_wconf 89' lang='lat' dir='ltr'>alicujus</span> <span class='ocrx_word' id='word_1_101' title='bbox 1636 768 1770 820; x_wconf 90' lang='lat' dir='ltr'>partis</span> 
     </span>
     <span class='ocr_line' id='line_1_12' title="bbox 239 835 1839 889; baseline -0.001 -12"><span class='ocrx_word' id='word_1_102' title='bbox 239 838 379 878; x_wconf 87' lang='lat' dir='ltr'>carnis</span> <span class='ocrx_word' id='word_1_103' title='bbox 400 837 469 876; x_wconf 93' lang='lat' dir='ltr'>vel</span> <span class='ocrx_word' id='word_1_104' title='bbox 491 837 598 877; x_wconf 87' lang='lat' dir='ltr'>ossis</span> <span class='ocrx_word' id='word_1_105' title='bbox 621 837 662 876; x_wconf 91' lang='lat' dir='ltr'>in</span> <span class='ocrx_word' id='word_1_106' title='bbox 685 849 844 876; x_wconf 89' lang='lat' dir='ltr'>semen.</span> <span class='ocrx_word' id='word_1_107' title='bbox 909 835 987 876; x_wconf 87' lang='lat' dir='ltr'>Set</span> <span class='ocrx_word' id='word_1_108' title='bbox 1018 836 1099 877; x_wconf 91' lang='lat' dir='ltr'>hec</span> <span class='ocrx_word' id='word_1_109' title='bbox 1126 837 1351 877; x_wconf 84' lang='lat' dir='ltr'>conversio</span> <span class='ocrx_word' id='word_1_110' title='bbox 1384 835 1474 877; x_wconf 88' lang='lat' dir='ltr'>fieri</span> <span class='ocrx_word' id='word_1_111' title='bbox 1507 849 1592 877; x_wconf 92' lang='lat' dir='ltr'>non</span> <span class='ocrx_word' id='word_1_112' title='bbox 1624 842 1770 889; x_wconf 89' lang='lat' dir='ltr'>potest</span> <span class='ocrx_word' id='word_1_113' title='bbox 1794 854 1839 875; x_wconf 70' lang='lat'>10</span> 
     </span>
     <span class='ocr_line' id='line_1_13' title="bbox 240 899 1771 961; baseline 0 -16"><span class='ocrx_word' id='word_1_114' title='bbox 240 906 319 946; x_wconf 87' lang='lat' dir='ltr'>nisi</span> <span class='ocrx_word' id='word_1_115' title='bbox 359 918 434 958; x_wconf 89' lang='lat' dir='ltr'>per</span> <span class='ocrx_word' id='word_1_116' title='bbox 476 905 803 958; x_wconf 91' lang='lat' dir='ltr'>corrupcionem</span> <span class='ocrx_word' id='word_1_117' title='bbox 838 899 950 945; x_wconf 81' lang='lat' dir='ltr'>illius</span> <span class='ocrx_word' id='word_1_118' title='bbox 983 905 1121 957; x_wconf 86' lang='lat' dir='ltr'>partis</span> <span class='ocrx_word' id='word_1_119' title='bbox 1154 905 1295 945; x_wconf 90' lang='lat' dir='ltr'>carnis</span> <span class='ocrx_word' id='word_1_120' title='bbox 1334 905 1375 945; x_wconf 91' lang='lat' dir='ltr'>in</span> <span class='ocrx_word' id='word_1_121' title='bbox 1414 919 1574 954; x_wconf 88' lang='lat' dir='ltr'>semen,</span> <span class='ocrx_word' id='word_1_122' title='bbox 1600 902 1606 961; x_wconf 66' lang='grc'>1</span> <span class='ocrx_word' id='word_1_123' title='bbox 1635 910 1678 945; x_wconf 89' lang='lat' dir='ltr'>et</span> <span class='ocrx_word' id='word_1_124' title='bbox 1712 905 1771 945; x_wconf 88' lang='lat' dir='ltr'>ita</span> 
     </span>
     <span class='ocr_line' id='line_1_14' title="bbox 241 974 1772 1028; baseline -0.001 -14"><span class='ocrx_word' id='word_1_125' title='bbox 241 981 354 1016; x_wconf 89' lang='lat' dir='ltr'>esset</span> <span class='ocrx_word' id='word_1_126' title='bbox 386 974 612 1027; x_wconf 91' lang='lat' dir='ltr'>corrupcio</span> <span class='ocrx_word' id='word_1_127' title='bbox 644 974 783 1014; x_wconf 88' lang='lat' dir='ltr'>carnis</span> <span class='ocrx_word' id='word_1_128' title='bbox 817 980 860 1014; x_wconf 88' lang='lat' dir='ltr'>et</span> <span class='ocrx_word' id='word_1_129' title='bbox 894 974 1128 1027; x_wconf 79' lang='lat' dir='ltr'>generacio</span> <span class='ocrx_word' id='word_1_130' title='bbox 1166 975 1354 1023; x_wconf 87' lang='lat' dir='ltr'>seminis,</span> <span class='ocrx_word' id='word_1_131' title='bbox 1391 975 1501 1016; x_wconf 89' lang='lat' dir='ltr'>sicut</span> <span class='ocrx_word' id='word_1_132' title='bbox 1542 979 1772 1028; x_wconf 84' lang='lat' dir='ltr'>generatur</span> 
     </span>
     <span class='ocr_line' id='line_1_15' title="bbox 242 1042 1772 1096; baseline 0.001 -15"><span class='ocrx_word' id='word_1_133' title='bbox 242 1043 353 1094; x_wconf 86' lang='lat' dir='ltr'>ignis</span> <span class='ocrx_word' id='word_1_134' title='bbox 382 1056 438 1082; x_wconf 83' lang='lat' dir='ltr'>ex</span> <span class='ocrx_word' id='word_1_135' title='bbox 467 1056 580 1095; x_wconf 89' lang='lat' dir='ltr'>aqua</span> <span class='ocrx_word' id='word_1_136' title='bbox 612 1050 655 1083; x_wconf 91' lang='lat' dir='ltr'>et</span> <span class='ocrx_word' id='word_1_137' title='bbox 686 1042 899 1095; x_wconf 83' lang='lat' dir='ltr'>quidlibet</span> <span class='ocrx_word' id='word_1_138' title='bbox 932 1056 988 1083; x_wconf 81' lang='lat' dir='ltr'>ex</span> <span class='ocrx_word' id='word_1_139' title='bbox 1018 1043 1214 1096; x_wconf 87' lang='lat' dir='ltr'>quolibet</span> <span class='ocrx_word' id='word_1_140' title='bbox 1241 1056 1317 1096; x_wconf 89' lang='lat' dir='ltr'>per</span> <span class='ocrx_word' id='word_1_141' title='bbox 1346 1049 1560 1084; x_wconf 89' lang='lat' dir='ltr'>naturam.</span> <span class='ocrx_word' id='word_1_142' title='bbox 1623 1043 1701 1085; x_wconf 86' lang='lat' dir='ltr'>Set</span> <span class='ocrx_word' id='word_1_143' title='bbox 1731 1042 1772 1082; x_wconf 93' lang='lat' dir='ltr'>in</span> 
     </span>
     <span class='ocr_line' id='line_1_16' title="bbox 241 1111 1772 1164; baseline -0.001 -13"><span class='ocrx_word' id='word_1_144' title='bbox 241 1111 317 1151; x_wconf 82' lang='lat' dir='ltr'>tali</span> <span class='ocrx_word' id='word_1_145' title='bbox 351 1112 637 1164; x_wconf 88' lang='lat' dir='ltr'>generacione</span> <span class='ocrx_word' id='word_1_146' title='bbox 673 1124 759 1152; x_wconf 91' lang='lat' dir='ltr'>non</span> <span class='ocrx_word' id='word_1_147' title='bbox 795 1111 980 1151; x_wconf 84' lang='lat' dir='ltr'>dicimus</span> <span class='ocrx_word' id='word_1_148' title='bbox 1016 1113 1134 1164; x_wconf 89' lang='lat' dir='ltr'>quod</span> <span class='ocrx_word' id='word_1_149' title='bbox 1174 1125 1304 1151; x_wconf 89' lang='lat' dir='ltr'>unum</span> <span class='ocrx_word' id='word_1_150' title='bbox 1342 1112 1396 1152; x_wconf 91' lang='lat' dir='ltr'>sit</span> <span class='ocrx_word' id='word_1_151' title='bbox 1433 1113 1488 1152; x_wconf 90' lang='lat' dir='ltr'>de</span> <span class='ocrx_word' id='word_1_152' title='bbox 1523 1111 1772 1153; x_wconf 85' lang='lat' dir='ltr'>substancia</span> 
     </span>
     <span class='ocr_line' id='line_1_17' title="bbox 243 1180 1807 1233; baseline -0.001 -14"><span class='ocrx_word' id='word_1_153' title='bbox 243 1180 417 1220; x_wconf 87' lang='lat' dir='ltr'>alterius</span> <span class='ocrx_word' id='word_1_154' title='bbox 441 1181 681 1220; x_wconf 89' lang='lat' dir='ltr'>secundum</span> <span class='ocrx_word' id='word_1_155' title='bbox 705 1181 975 1221; x_wconf 88' lang='lat' dir='ltr'>sentenciam</span> <span class='ocrx_word' id='word_1_156' title='bbox 1000 1181 1123 1220; x_wconf 87' lang='lat' dir='ltr'>istius</span> <span class='ocrx_word' id='word_1_157' title='bbox 1147 1181 1390 1232; x_wconf 79' lang='lat' dir='ltr'>posicionis,</span> <span class='ocrx_word' id='word_1_158' title='bbox 1412 1181 1591 1233; x_wconf 87' lang='lat' dir='ltr'>quando</span> <span class='ocrx_word' id='word_1_159' title='bbox 1617 1180 1772 1221; x_wconf 90' lang='lat' dir='ltr'>dicitur</span> <span class='ocrx_word' id='word_1_160' title='bbox 1798 1197 1807 1218; x_wconf 93' lang='lat'><em>1</em></span> 
     </span>
     <span class='ocr_line' id='line_1_18' title="bbox 244 1248 1773 1302; baseline 0.001 -14"><span class='ocrx_word' id='word_1_161' title='bbox 244 1250 361 1301; x_wconf 85' lang='lat' dir='ltr'>quod</span> <span class='ocrx_word' id='word_1_162' title='bbox 383 1263 531 1290; x_wconf 90' lang='lat' dir='ltr'>semen</span> <span class='ocrx_word' id='word_1_163' title='bbox 555 1263 611 1289; x_wconf 88' lang='lat' dir='ltr'>ex</span> <span class='ocrx_word' id='word_1_164' title='bbox 633 1262 721 1302; x_wconf 90' lang='lat' dir='ltr'>quo</span> <span class='ocrx_word' id='word_1_165' title='bbox 752 1257 986 1302; x_wconf 90' lang='lat' dir='ltr'>generatur</span> <span class='ocrx_word' id='word_1_166' title='bbox 1015 1248 1128 1289; x_wconf 91' lang='lat' dir='ltr'>filius</span> <span class='ocrx_word' id='word_1_167' title='bbox 1158 1257 1222 1289; x_wconf 91' lang='lat' dir='ltr'>est</span> <span class='ocrx_word' id='word_1_168' title='bbox 1256 1250 1505 1290; x_wconf 84' lang='lat' dir='ltr'>substancia</span> <span class='ocrx_word' id='word_1_169' title='bbox 1530 1257 1773 1302; x_wconf 83' lang='lat' dir='ltr'>parentum.</span> 
     </span>
     <span class='ocr_line' id='line_1_19' title="bbox 245 1317 1775 1372; baseline 0.001 -15"><span class='ocrx_word' id='word_1_170' title='bbox 245 1319 346 1370; x_wconf 90' lang='lat' dir='ltr'>quia</span> <span class='ocrx_word' id='word_1_171' title='bbox 370 1318 437 1359; x_wconf 90' lang='lat' dir='ltr'>hic</span> <span class='ocrx_word' id='word_1_172' title='bbox 460 1331 603 1359; x_wconf 89' lang='lat' dir='ltr'>sermo</span> <span class='ocrx_word' id='word_1_173' title='bbox 626 1318 845 1372; x_wconf 88' lang='lat' dir='ltr'>pretendit</span> <span class='ocrx_word' id='word_1_174' title='bbox 871 1319 987 1371; x_wconf 87' lang='lat' dir='ltr'>quod</span> <span class='ocrx_word' id='word_1_175' title='bbox 1019 1331 1106 1358; x_wconf 88' lang='lat' dir='ltr'>non</span> <span class='ocrx_word' id='word_1_176' title='bbox 1138 1317 1214 1358; x_wconf 86' lang='lat' dir='ltr'>fiat</span> <span class='ocrx_word' id='word_1_177' title='bbox 1248 1318 1305 1358; x_wconf 92' lang='lat' dir='ltr'>ibi</span> <span class='ocrx_word' id='word_1_178' title='bbox 1334 1319 1561 1371; x_wconf 87' lang='lat' dir='ltr'>corrupcio</span> <span class='ocrx_word' id='word_1_179' title='bbox 1590 1326 1657 1359; x_wconf 89' lang='lat' dir='ltr'>set</span> <span class='ocrx_word' id='word_1_180' title='bbox 1682 1318 1775 1359; x_wconf 90' lang='lat' dir='ltr'>sola</span> 
     </span>
     <span class='ocr_line' id='line_1_20' title="bbox 245 1386 1774 1439; baseline -0.001 -12"><span class='ocrx_word' id='word_1_181' title='bbox 245 1387 408 1427; x_wconf 90' lang='lat' dir='ltr'>decisio</span> <span class='ocrx_word' id='word_1_182' title='bbox 431 1386 621 1438; x_wconf 89' lang='lat' dir='ltr'>alicujus.</span> <span class='ocrx_word' id='word_1_183' title='bbox 687 1387 812 1436; x_wconf 88' lang='lat' dir='ltr'>Item,</span> <span class='ocrx_word' id='word_1_184' title='bbox 836 1386 949 1426; x_wconf 86' lang='lat' dir='ltr'>filius</span> <span class='ocrx_word' id='word_1_185' title='bbox 971 1394 1035 1428; x_wconf 92' lang='lat' dir='ltr'>est</span> <span class='ocrx_word' id='word_1_186' title='bbox 1059 1387 1120 1427; x_wconf 90' lang='lat' dir='ltr'>ita</span> <span class='ocrx_word' id='word_1_187' title='bbox 1148 1386 1338 1427; x_wconf 86' lang='lat' dir='ltr'>attinens</span> <span class='ocrx_word' id='word_1_188' title='bbox 1368 1387 1480 1439; x_wconf 90' lang='lat' dir='ltr'>patri</span> <span class='ocrx_word' id='word_1_189' title='bbox 1507 1387 1618 1428; x_wconf 87' lang='lat' dir='ltr'>sicut</span> <span class='ocrx_word' id='word_1_190' title='bbox 1650 1389 1774 1428; x_wconf 89' lang='lat' dir='ltr'>matri</span> 
     </span>
     <span class='ocr_line' id='line_1_21' title="bbox 247 1455 1776 1507; baseline -0.001 -12"><span class='ocrx_word' id='word_1_191' title='bbox 247 1456 314 1495; x_wconf 88' lang='lat' dir='ltr'>vel</span> <span class='ocrx_word' id='word_1_192' title='bbox 348 1457 499 1507; x_wconf 88' lang='lat' dir='ltr'>magis,</span> <span class='ocrx_word' id='word_1_193' title='bbox 521 1462 587 1496; x_wconf 92' lang='lat' dir='ltr'>set</span> <span class='ocrx_word' id='word_1_194' title='bbox 609 1461 757 1495; x_wconf 89' lang='lat' dir='ltr'>tamen</span> <span class='ocrx_word' id='word_1_195' title='bbox 780 1469 928 1495; x_wconf 90' lang='lat' dir='ltr'>semen</span> <span class='ocrx_word' id='word_1_196' title='bbox 951 1455 1084 1496; x_wconf 88' lang='lat' dir='ltr'>solius</span> <span class='ocrx_word' id='word_1_197' title='bbox 1108 1455 1256 1495; x_wconf 85' lang='lat' dir='ltr'>matris</span> <span class='ocrx_word' id='word_1_198' title='bbox 1279 1455 1393 1496; x_wconf 90' lang='lat' dir='ltr'>cedit</span> <span class='ocrx_word' id='word_1_199' title='bbox 1416 1456 1457 1495; x_wconf 93' lang='lat' dir='ltr'>in</span> <span class='ocrx_word' id='word_1_200' title='bbox 1481 1457 1776 1497; x_wconf 86' lang='lat' dir='ltr'>substanciam</span> 
     </span>
     <span class='ocr_line' id='line_1_22' title="bbox 247 1523 1844 1578; baseline -0.002 -13"><span class='ocrx_word' id='word_1_201' title='bbox 247 1525 437 1577; x_wconf 85' lang='lat' dir='ltr'>corporis</span> <span class='ocrx_word' id='word_1_202' title='bbox 458 1523 548 1571; x_wconf 84' lang='lat' dir='ltr'>filii,</span> <span class='ocrx_word' id='word_1_203' title='bbox 572 1537 729 1576; x_wconf 90' lang='lat' dir='ltr'>corpus</span> <span class='ocrx_word' id='word_1_204' title='bbox 752 1524 867 1563; x_wconf 91' lang='lat' dir='ltr'>enim</span> <span class='ocrx_word' id='word_1_205' title='bbox 892 1523 939 1565; x_wconf 85' lang='lat' dir='ltr'>fit</span> <span class='ocrx_word' id='word_1_206' title='bbox 962 1538 1019 1564; x_wconf 86' lang='lat' dir='ltr'>ex</span> <span class='ocrx_word' id='word_1_207' title='bbox 1042 1530 1239 1564; x_wconf 88' lang='lat' dir='ltr'>materno</span> <span class='ocrx_word' id='word_1_208' title='bbox 1263 1524 1444 1574; x_wconf 89' lang='lat' dir='ltr'>semine,</span> <span class='ocrx_word' id='word_1_209' title='bbox 1466 1523 1566 1565; x_wconf 88' lang='lat' dir='ltr'>licet</span> <span class='ocrx_word' id='word_1_210' title='bbox 1590 1525 1777 1578; x_wconf 87' lang='lat' dir='ltr'>spiritus,</span> <span class='ocrx_word' id='word_1_211' title='bbox 1801 1541 1844 1563; x_wconf 69' lang='grc' dir='ltr'><strong>ω</strong></span> 
     </span>
     <span class='ocr_line' id='line_1_23' title="bbox 247 1592 1777 1647; baseline 0.001 -14"><span class='ocrx_word' id='word_1_212' title='bbox 247 1595 320 1646; x_wconf 91' lang='lat' dir='ltr'>qui</span> <span class='ocrx_word' id='word_1_213' title='bbox 364 1607 450 1633; x_wconf 92' lang='lat' dir='ltr'>non</span> <span class='ocrx_word' id='word_1_214' title='bbox 492 1600 593 1633; x_wconf 86' lang='lat' dir='ltr'>sunt</span> <span class='ocrx_word' id='word_1_215' title='bbox 636 1600 781 1645; x_wconf 86' lang='lat' dir='ltr'>partes</span> <span class='ocrx_word' id='word_1_216' title='bbox 824 1593 1139 1634; x_wconf 85' lang='lat' dir='ltr'>substanciales</span> <span class='ocrx_word' id='word_1_217' title='bbox 1183 1600 1226 1633; x_wconf 89' lang='lat' dir='ltr'>et</span> <span class='ocrx_word' id='word_1_218' title='bbox 1269 1592 1359 1632; x_wconf 83' lang='lat' dir='ltr'>fixe</span> <span class='ocrx_word' id='word_1_219' title='bbox 1396 1594 1438 1633; x_wconf 90' lang='lat' dir='ltr'>in</span> <span class='ocrx_word' id='word_1_220' title='bbox 1474 1607 1669 1647; x_wconf 88' lang='lat' dir='ltr'>corpore,</span> <span class='ocrx_word' id='word_1_221' title='bbox 1712 1601 1777 1634; x_wconf 88' lang='lat' dir='ltr'>set</span> 
     </span>
     <span class='ocr_line' id='line_1_24' title="bbox 249 1660 1779 1716; baseline -0.001 -14"><span class='ocrx_word' id='word_1_222' title='bbox 249 1663 428 1714; x_wconf 90' lang='lat' dir='ltr'>quidam</span> <span class='ocrx_word' id='word_1_223' title='bbox 452 1675 637 1714; x_wconf 85' lang='lat' dir='ltr'>vapores</span> <span class='ocrx_word' id='word_1_224' title='bbox 659 1661 955 1702; x_wconf 85' lang='lat' dir='ltr'>confortantes</span> <span class='ocrx_word' id='word_1_225' title='bbox 977 1675 1147 1714; x_wconf 82' lang='lat' dir='ltr'>corpus,</span> <span class='ocrx_word' id='word_1_226' title='bbox 1171 1660 1275 1701; x_wconf 87' lang='lat' dir='ltr'>fiant</span> <span class='ocrx_word' id='word_1_227' title='bbox 1299 1662 1354 1702; x_wconf 88' lang='lat' dir='ltr'>de</span> <span class='ocrx_word' id='word_1_228' title='bbox 1378 1663 1545 1702; x_wconf 89' lang='lat' dir='ltr'>semine</span> <span class='ocrx_word' id='word_1_229' title='bbox 1563 1663 1712 1716; x_wconf 89' lang='lat' dir='ltr'>patris,</span> <span class='ocrx_word' id='word_1_230' title='bbox 1735 1668 1779 1702; x_wconf 89' lang='lat' dir='ltr'>et</span> 
     </span>
     <span class='ocr_line' id='line_1_25' title="bbox 250 1731 1779 1783; baseline 0.001 -13"><span class='ocrx_word' id='word_1_231' title='bbox 250 1731 309 1770; x_wconf 89' lang='lat' dir='ltr'>illi</span> <span class='ocrx_word' id='word_1_232' title='bbox 335 1744 420 1770; x_wconf 91' lang='lat' dir='ltr'>non</span> <span class='ocrx_word' id='word_1_233' title='bbox 442 1732 597 1770; x_wconf 89' lang='lat' dir='ltr'>durant</span> <span class='ocrx_word' id='word_1_234' title='bbox 621 1731 663 1770; x_wconf 94' lang='lat' dir='ltr'>in</span> <span class='ocrx_word' id='word_1_235' title='bbox 687 1743 867 1783; x_wconf 88' lang='lat' dir='ltr'>corpore</span> <span class='ocrx_word' id='word_1_236' title='bbox 889 1736 954 1771; x_wconf 90' lang='lat' dir='ltr'>set</span> <span class='ocrx_word' id='word_1_237' title='bbox 977 1737 1254 1778; x_wconf 87' lang='lat' dir='ltr'>evanescunt,</span> <span class='ocrx_word' id='word_1_238' title='bbox 1269 1744 1322 1771; x_wconf 90' lang='lat' dir='ltr'>eo</span> <span class='ocrx_word' id='word_1_239' title='bbox 1345 1731 1461 1782; x_wconf 90' lang='lat' dir='ltr'>quod</span> <span class='ocrx_word' id='word_1_240' title='bbox 1487 1731 1693 1772; x_wconf 91' lang='lat' dir='ltr'>continua</span> <span class='ocrx_word' id='word_1_241' title='bbox 1714 1738 1779 1771; x_wconf 87' lang='lat' dir='ltr'>est</span> 
     </span>
     <span class='ocr_line' id='line_1_26' title="bbox 250 1798 1780 1852; baseline -0.001 -13"><span class='ocrx_word' id='word_1_242' title='bbox 250 1800 499 1851; x_wconf 88' lang='lat' dir='ltr'>deperdicio</span> <span class='ocrx_word' id='word_1_243' title='bbox 538 1800 770 1851; x_wconf 87' lang='lat' dir='ltr'>spirituum</span> <span class='ocrx_word' id='word_1_244' title='bbox 813 1805 856 1839; x_wconf 92' lang='lat' dir='ltr'>et</span> <span class='ocrx_word' id='word_1_245' title='bbox 898 1799 1125 1851; x_wconf 83' lang='lat' dir='ltr'>generacio</span> <span class='ocrx_word' id='word_1_246' title='bbox 1163 1798 1384 1839; x_wconf 85' lang='lat' dir='ltr'>continua.</span> <span class='ocrx_word' id='word_1_247' title='bbox 1448 1798 1610 1840; x_wconf 88' lang='lat' dir='ltr'>Semen</span> <span class='ocrx_word' id='word_1_248' title='bbox 1649 1799 1780 1852; x_wconf 87' lang='lat' dir='ltr'>igitur</span> 
     </span>
     <span class='ocr_line' id='line_1_27' title="bbox 250 1867 1844 1922; baseline -0.003 -14"><span class='ocrx_word' id='word_1_249' title='bbox 250 1868 384 1922; x_wconf 91' lang='lat' dir='ltr'>patris</span> <span class='ocrx_word' id='word_1_250' title='bbox 421 1873 636 1921; x_wconf 90' lang='lat' dir='ltr'>quantum</span> <span class='ocrx_word' id='word_1_251' title='bbox 675 1868 729 1907; x_wconf 85' lang='lat' dir='ltr'>ad</span> <span class='ocrx_word' id='word_1_252' title='bbox 768 1881 925 1921; x_wconf 89' lang='lat' dir='ltr'>corpus</span> <span class='ocrx_word' id='word_1_253' title='bbox 963 1867 1038 1906; x_wconf 89' lang='lat' dir='ltr'>filii</span> <span class='ocrx_word' id='word_1_254' title='bbox 1077 1874 1120 1908; x_wconf 91' lang='lat' dir='ltr'>et</span> <span class='ocrx_word' id='word_1_255' title='bbox 1157 1874 1302 1920; x_wconf 88' lang='lat' dir='ltr'>partes</span> <span class='ocrx_word' id='word_1_256' title='bbox 1339 1867 1433 1920; x_wconf 86' lang='lat' dir='ltr'>ejus</span> <span class='ocrx_word' id='word_1_257' title='bbox 1465 1867 1780 1909; x_wconf 88' lang='lat' dir='ltr'>substanciales</span> <span class='ocrx_word' id='word_1_258' title='bbox 1803 1882 1844 1913; x_wconf 65' lang='lat'>25</span> 
     </span>
     <span class='ocr_line' id='line_1_28' title="bbox 250 1936 1779 1991; baseline 0.001 -15"><span class='ocrx_word' id='word_1_259' title='bbox 250 1951 334 1978; x_wconf 86' lang='lat' dir='ltr'>non</span> <span class='ocrx_word' id='word_1_260' title='bbox 368 1937 556 1991; x_wconf 91' lang='lat' dir='ltr'>pertinet</span> <span class='ocrx_word' id='word_1_261' title='bbox 587 1938 642 1977; x_wconf 91' lang='lat' dir='ltr'>ad</span> <span class='ocrx_word' id='word_1_262' title='bbox 677 1936 826 1976; x_wconf 88' lang='lat' dir='ltr'>filium.</span> <span class='ocrx_word' id='word_1_263' title='bbox 892 1937 1023 1989; x_wconf 89' lang='lat' dir='ltr'>Ergo,</span> <span class='ocrx_word' id='word_1_264' title='bbox 1055 1949 1142 1976; x_wconf 94' lang='lat' dir='ltr'>non</span> <span class='ocrx_word' id='word_1_265' title='bbox 1175 1936 1304 1976; x_wconf 88' lang='lat' dir='ltr'>refert</span> <span class='ocrx_word' id='word_1_266' title='bbox 1331 1943 1477 1976; x_wconf 88' lang='lat' dir='ltr'>utrum</span> <span class='ocrx_word' id='word_1_267' title='bbox 1507 1937 1563 1977; x_wconf 92' lang='lat' dir='ltr'>sit</span> <span class='ocrx_word' id='word_1_268' title='bbox 1592 1937 1647 1978; x_wconf 92' lang='lat' dir='ltr'>de</span> <span class='ocrx_word' id='word_1_269' title='bbox 1679 1936 1779 1977; x_wconf 92' lang='lat' dir='ltr'>sub—</span> 
     </span>
     <span class='ocr_line' id='line_1_29' title="bbox 251 2003 1780 2059; baseline -0.001 -13"><span class='ocrx_word' id='word_1_270' title='bbox 251 2007 418 2046; x_wconf 88' lang='lat' dir='ltr'>stancia</span> <span class='ocrx_word' id='word_1_271' title='bbox 447 2007 581 2059; x_wconf 89' lang='lat' dir='ltr'>patris</span> <span class='ocrx_word' id='word_1_272' title='bbox 603 2005 669 2046; x_wconf 90' lang='lat' dir='ltr'>vel</span> <span class='ocrx_word' id='word_1_273' title='bbox 691 2006 748 2046; x_wconf 92' lang='lat' dir='ltr'>de</span> <span class='ocrx_word' id='word_1_274' title='bbox 774 2006 948 2045; x_wconf 89' lang='lat' dir='ltr'>residuo</span> <span class='ocrx_word' id='word_1_275' title='bbox 971 2005 1242 2055; x_wconf 88' lang='lat' dir='ltr'>nutrimenti,</span> <span class='ocrx_word' id='word_1_276' title='bbox 1264 2012 1307 2045; x_wconf 84' lang='lat' dir='ltr'>et</span> <span class='ocrx_word' id='word_1_277' title='bbox 1331 2011 1480 2046; x_wconf 89' lang='lat' dir='ltr'>tamen</span> <span class='ocrx_word' id='word_1_278' title='bbox 1507 2012 1573 2046; x_wconf 87' lang='lat' dir='ltr'>est</span> <span class='ocrx_word' id='word_1_279' title='bbox 1594 2003 1780 2046; x_wconf 87' lang='lat' dir='ltr'>affinitas</span> 
     </span>
     <span class='ocr_line' id='line_1_30' title="bbox 254 2073 1779 2127; baseline -0.001 -13"><span class='ocrx_word' id='word_1_280' title='bbox 254 2075 462 2115; x_wconf 83' lang='lat' dir='ltr'>naturalis</span> <span class='ocrx_word' id='word_1_281' title='bbox 503 2080 547 2114; x_wconf 88' lang='lat' dir='ltr'>et</span> <span class='ocrx_word' id='word_1_282' title='bbox 588 2074 956 2127; x_wconf 83' lang='lat' dir='ltr'>consanguinitas,</span> <span class='ocrx_word' id='word_1_283' title='bbox 991 2086 1107 2125; x_wconf 88' lang='lat' dir='ltr'>erg0‚</span> <span class='ocrx_word' id='word_1_284' title='bbox 1144 2086 1228 2113; x_wconf 90' lang='lat' dir='ltr'>non</span> <span class='ocrx_word' id='word_1_285' title='bbox 1267 2080 1440 2126; x_wconf 89' lang='lat' dir='ltr'>oportet</span> <span class='ocrx_word' id='word_1_286' title='bbox 1474 2073 1593 2126; x_wconf 92' lang='lat' dir='ltr'>quod</span> <span class='ocrx_word' id='word_1_287' title='bbox 1631 2085 1779 2114; x_wconf 90' lang='lat' dir='ltr'>semen</span> 
     </span>
     <span class='ocr_line' id='line_1_31' title="bbox 252 2141 1782 2195; baseline -0.001 -12"><span class='ocrx_word' id='word_1_288' title='bbox 252 2145 307 2183; x_wconf 91' lang='lat' dir='ltr'>sit</span> <span class='ocrx_word' id='word_1_289' title='bbox 330 2145 385 2183; x_wconf 91' lang='lat' dir='ltr'>de</span> <span class='ocrx_word' id='word_1_290' title='bbox 406 2142 656 2183; x_wconf 86' lang='lat' dir='ltr'>substancia</span> <span class='ocrx_word' id='word_1_291' title='bbox 678 2148 920 2195; x_wconf 82' lang='lat' dir='ltr'>parentum.</span> <span class='ocrx_word' id='word_1_292' title='bbox 969 2141 1134 2181; x_wconf 84' lang='lat' dir='ltr'>Multas</span> <span class='ocrx_word' id='word_1_293' title='bbox 1150 2154 1250 2181; x_wconf 88' lang='lat' dir='ltr'>vero</span> <span class='ocrx_word' id='word_1_294' title='bbox 1272 2141 1377 2181; x_wconf 89' lang='lat' dir='ltr'>alias</span> <span class='ocrx_word' id='word_1_295' title='bbox 1401 2142 1591 2183; x_wconf 89' lang='lat' dir='ltr'>raciones</span> <span class='ocrx_word' id='word_1_296' title='bbox 1612 2148 1782 2195; x_wconf 88' lang='lat' dir='ltr'>ponunt</span> 
     </span>
     <span class='ocr_line' id='line_1_32' title="bbox 254 2208 1846 2262; baseline 0.001 -11"><span class='ocrx_word' id='word_1_297' title='bbox 254 2212 520 2252; x_wconf 89' lang='lat' dir='ltr'>Aristoteles</span> <span class='ocrx_word' id='word_1_298' title='bbox 551 2218 594 2252; x_wconf 92' lang='lat' dir='ltr'>et</span> <span class='ocrx_word' id='word_1_299' title='bbox 626 2210 858 2251; x_wconf 89' lang='lat' dir='ltr'>Avicenna</span> <span class='ocrx_word' id='word_1_300' title='bbox 881 2216 924 2250; x_wconf 88' lang='lat' dir='ltr'>et</span> <span class='ocrx_word' id='word_1_301' title='bbox 946 2210 1117 2250; x_wconf 88' lang='lat' dir='ltr'>salvant</span> <span class='ocrx_word' id='word_1_302' title='bbox 1140 2208 1399 2250; x_wconf 86' lang='lat' dir='ltr'>affinitatem</span> <span class='ocrx_word' id='word_1_303' title='bbox 1434 2209 1677 2250; x_wconf 88' lang='lat' dir='ltr'>naturalem</span> <span class='ocrx_word' id='word_1_304' title='bbox 1707 2222 1783 2262; x_wconf 91' lang='lat' dir='ltr'>per</span> <span class='ocrx_word' id='word_1_305' title='bbox 1803 2223 1846 2252; x_wconf 74' lang='lat'>30</span> 
     </span>
     <span class='ocr_line' id='line_1_33' title="bbox 254 2277 1782 2331; baseline -0.002 -11"><span class='ocrx_word' id='word_1_306' title='bbox 254 2280 365 2320; x_wconf 90' lang='lat' dir='ltr'>hanc</span> <span class='ocrx_word' id='word_1_307' title='bbox 390 2280 518 2327; x_wconf 83' lang='lat' dir='ltr'>viam,</span> <span class='ocrx_word' id='word_1_308' title='bbox 550 2279 765 2326; x_wconf 88' lang='lat' dir='ltr'>videlicet,</span> <span class='ocrx_word' id='word_1_309' title='bbox 789 2279 908 2331; x_wconf 92' lang='lat' dir='ltr'>quod</span> <span class='ocrx_word' id='word_1_310' title='bbox 937 2278 1252 2318; x_wconf 84' lang='lat' dir='ltr'>nutrimentum</span> <span class='ocrx_word' id='word_1_311' title='bbox 1284 2278 1435 2318; x_wconf 90' lang='lat' dir='ltr'>matris</span> <span class='ocrx_word' id='word_1_312' title='bbox 1467 2278 1634 2330; x_wconf 88' lang='lat' dir='ltr'>optime</span> <span class='ocrx_word' id='word_1_313' title='bbox 1663 2277 1782 2331; x_wconf 90' lang='lat' dir='ltr'>dige-</span> 
     </span>
     <span class='ocr_line' id='line_1_34' title="bbox 254 2345 1783 2401; baseline -0.001 -14"><span class='ocrx_word' id='word_1_314' title='bbox 254 2357 382 2399; x_wconf 83' lang='lat' dir='ltr'>stum,</span> <span class='ocrx_word' id='word_1_315' title='bbox 404 2349 521 2401; x_wconf 91' lang='lat' dir='ltr'>quod</span> <span class='ocrx_word' id='word_1_316' title='bbox 539 2348 755 2388; x_wconf 88' lang='lat' dir='ltr'>residuum</span> <span class='ocrx_word' id='word_1_317' title='bbox 781 2352 845 2386; x_wconf 89' lang='lat' dir='ltr'>est</span> <span class='ocrx_word' id='word_1_318' title='bbox 867 2353 966 2398; x_wconf 90' lang='lat' dir='ltr'>post</span> <span class='ocrx_word' id='word_1_319' title='bbox 989 2345 1356 2386; x_wconf 82' lang='lat' dir='ltr'>restauracionem</span> <span class='ocrx_word' id='word_1_320' title='bbox 1380 2346 1595 2399; x_wconf 89' lang='lat' dir='ltr'>deperditi</span> <span class='ocrx_word' id='word_1_321' title='bbox 1618 2352 1661 2386; x_wconf 91' lang='lat' dir='ltr'>et</span> <span class='ocrx_word' id='word_1_322' title='bbox 1683 2352 1783 2399; x_wconf 85' lang='lat' dir='ltr'>post</span> 
     </span>
     <span class='ocr_line' id='line_1_35' title="bbox 254 2413 1782 2471; baseline -0.002 -14"><span class='ocrx_word' id='word_1_323' title='bbox 254 2423 552 2471; x_wconf 86' lang='lat' dir='ltr'>augmentum,</span> <span class='ocrx_word' id='word_1_324' title='bbox 576 2422 642 2456; x_wconf 89' lang='lat' dir='ltr'>est</span> <span class='ocrx_word' id='word_1_325' title='bbox 664 2416 707 2455; x_wconf 91' lang='lat' dir='ltr'>in</span> <span class='ocrx_word' id='word_1_326' title='bbox 737 2416 941 2467; x_wconf 88' lang='lat' dir='ltr'>potencia</span> <span class='ocrx_word' id='word_1_327' title='bbox 971 2427 1071 2455; x_wconf 91' lang='lat' dir='ltr'>caro</span> <span class='ocrx_word' id='word_1_328' title='bbox 1099 2420 1143 2455; x_wconf 88' lang='lat' dir='ltr'>et</span> <span class='ocrx_word' id='word_1_329' title='bbox 1168 2428 1230 2462; x_wconf 85' lang='lat' dir='ltr'>OS,</span> <span class='ocrx_word' id='word_1_330' title='bbox 1253 2421 1296 2454; x_wconf 91' lang='lat' dir='ltr'>et</span> <span class='ocrx_word' id='word_1_331' title='bbox 1323 2414 1415 2466; x_wconf 90' lang='lat' dir='ltr'>jam</span> <span class='ocrx_word' id='word_1_332' title='bbox 1442 2413 1583 2454; x_wconf 91' lang='lat' dir='ltr'>simile</span> <span class='ocrx_word' id='word_1_333' title='bbox 1612 2413 1654 2454; x_wconf 90' lang='lat' dir='ltr'>in</span> <span class='ocrx_word' id='word_1_334' title='bbox 1684 2420 1782 2454; x_wconf 89' lang='lat' dir='ltr'>actu</span> 
     </span>
     <span class='ocr_line' id='line_1_36' title="bbox 258 2481 1784 2540; baseline -0.004 -13"><span class='ocrx_word' id='word_1_335' title='bbox 258 2500 442 2540; x_wconf 90' lang='lat' dir='ltr'>persone</span> <span class='ocrx_word' id='word_1_336' title='bbox 477 2487 518 2526; x_wconf 92' lang='lat' dir='ltr'>in</span> <span class='ocrx_word' id='word_1_337' title='bbox 558 2499 645 2538; x_wconf 92' lang='lat' dir='ltr'>qua</span> <span class='ocrx_word' id='word_1_338' title='bbox 677 2492 755 2535; x_wconf 86' lang='lat' dir='ltr'>est,</span> <span class='ocrx_word' id='word_1_339' title='bbox 791 2490 834 2525; x_wconf 90' lang='lat' dir='ltr'>et</span> <span class='ocrx_word' id='word_1_340' title='bbox 871 2484 939 2524; x_wconf 89' lang='lat' dir='ltr'>hic</span> <span class='ocrx_word' id='word_1_341' title='bbox 975 2483 1122 2536; x_wconf 90' lang='lat' dir='ltr'>incipit</span> <span class='ocrx_word' id='word_1_342' title='bbox 1166 2483 1331 2536; x_wconf 90' lang='lat' dir='ltr'>primus</span> <span class='ocrx_word' id='word_1_343' title='bbox 1368 2483 1527 2536; x_wconf 87' lang='lat' dir='ltr'>gradus</span> <span class='ocrx_word' id='word_1_344' title='bbox 1562 2481 1784 2523; x_wconf 85' lang='lat' dir='ltr'>affinitatis</span> 
     </span>
     <span class='ocr_line' id='line_1_37' title="bbox 257 2551 1847 2605; baseline -0.006 -6"><span class='ocrx_word' id='word_1_345' title='bbox 257 2558 476 2599; x_wconf 87' lang='lat' dir='ltr'>naturalis.</span> <span class='ocrx_word' id='word_1_346' title='bbox 539 2557 656 2597; x_wconf 88' lang='lat' dir='ltr'>Nam</span> <span class='ocrx_word' id='word_1_347' title='bbox 690 2557 750 2596; x_wconf 87' lang='lat' dir='ltr'>ita</span> <span class='ocrx_word' id='word_1_348' title='bbox 782 2555 945 2596; x_wconf 87' lang='lat' dir='ltr'>factum</span> <span class='ocrx_word' id='word_1_349' title='bbox 979 2561 1044 2595; x_wconf 92' lang='lat' dir='ltr'>est</span> <span class='ocrx_word' id='word_1_350' title='bbox 1079 2553 1218 2594; x_wconf 90' lang='lat' dir='ltr'>simile</span> <span class='ocrx_word' id='word_1_351' title='bbox 1248 2553 1367 2605; x_wconf 90' lang='lat' dir='ltr'>quod</span> <span class='ocrx_word' id='word_1_352' title='bbox 1401 2558 1467 2593; x_wconf 89' lang='lat' dir='ltr'>est</span> <span class='ocrx_word' id='word_1_353' title='bbox 1503 2552 1545 2592; x_wconf 94' lang='lat' dir='ltr'>in</span> <span class='ocrx_word' id='word_1_354' title='bbox 1579 2551 1784 2604; x_wconf 88' lang='lat' dir='ltr'>potencia</span> <span class='ocrx_word' id='word_1_355' title='bbox 1805 2564 1847 2596; x_wconf 63' lang='lat'>35</span> 
     </span>
     <span class='ocr_line' id='line_1_38' title="bbox 257 2619 1783 2678; baseline -0.006 -12"><span class='ocrx_word' id='word_1_356' title='bbox 257 2626 459 2678; x_wconf 84' lang='lat' dir='ltr'>proxima</span> <span class='ocrx_word' id='word_1_357' title='bbox 502 2631 551 2666; x_wconf 93' lang='lat' dir='ltr'>ut</span> <span class='ocrx_word' id='word_1_358' title='bbox 594 2624 667 2664; x_wconf 87' lang='lat' dir='ltr'>fiat</span> <span class='ocrx_word' id='word_1_359' title='bbox 714 2623 956 2664; x_wconf 88' lang='lat' dir='ltr'>animatum</span> <span class='ocrx_word' id='word_1_360' title='bbox 1007 2628 1050 2662; x_wconf 89' lang='lat' dir='ltr'>et</span> <span class='ocrx_word' id='word_1_361' title='bbox 1098 2621 1236 2661; x_wconf 86' lang='lat' dir='ltr'>salvet</span> <span class='ocrx_word' id='word_1_362' title='bbox 1283 2632 1513 2673; x_wconf 82' lang='lat' dir='ltr'>personam</span> <span class='ocrx_word' id='word_1_363' title='bbox 1552 2619 1674 2672; x_wconf 89' lang='lat' dir='ltr'>cujus</span> <span class='ocrx_word' id='word_1_364' title='bbox 1705 2624 1783 2658; x_wconf 90' lang='lat' dir='ltr'>est.</span> 
     </span>
     <span class='ocr_line' id='line_1_39' title="bbox 260 2686 1784 2742; baseline -0.006 -9"><span class='ocrx_word' id='word_1_365' title='bbox 260 2694 432 2734; x_wconf 89' lang='lat' dir='ltr'>Deinde</span> <span class='ocrx_word' id='word_1_366' title='bbox 454 2693 657 2742; x_wconf 90' lang='lat' dir='ltr'>secundo,</span> <span class='ocrx_word' id='word_1_367' title='bbox 680 2705 705 2732; x_wconf 90' lang='lat' dir='ltr'>a</span> <span class='ocrx_word' id='word_1_368' title='bbox 727 2697 882 2731; x_wconf 88' lang='lat' dir='ltr'>natura</span> <span class='ocrx_word' id='word_1_369' title='bbox 905 2689 1170 2742; x_wconf 87' lang='lat' dir='ltr'>recolligitur</span> <span class='ocrx_word' id='word_1_370' title='bbox 1201 2689 1257 2729; x_wconf 91' lang='lat' dir='ltr'>ad</span> <span class='ocrx_word' id='word_1_371' title='bbox 1287 2701 1392 2728; x_wconf 90' lang='lat' dir='ltr'>vasa</span> <span class='ocrx_word' id='word_1_372' title='bbox 1419 2686 1719 2741; x_wconf 87' lang='lat' dir='ltr'>generacionis</span> <span class='ocrx_word' id='word_1_373' title='bbox 1741 2686 1784 2725; x_wconf 91' lang='lat' dir='ltr'>in</span> 
     </span>
     <span class='ocr_line' id='line_1_40' title="bbox 258 2754 1786 2813; baseline -0.005 -12"><span class='ocrx_word' id='word_1_374' title='bbox 258 2762 415 2813; x_wconf 86' lang='lat' dir='ltr'>quibus</span> <span class='ocrx_word' id='word_1_375' title='bbox 456 2762 594 2801; x_wconf 90' lang='lat' dir='ltr'>eciam</span> <span class='ocrx_word' id='word_1_376' title='bbox 637 2765 843 2808; x_wconf 86' lang='lat' dir='ltr'>servatur,</span> <span class='ocrx_word' id='word_1_377' title='bbox 881 2765 924 2799; x_wconf 87' lang='lat' dir='ltr'>et</span> <span class='ocrx_word' id='word_1_378' title='bbox 957 2758 1093 2798; x_wconf 81' lang='lat' dir='ltr'>virtus</span> <span class='ocrx_word' id='word_1_379' title='bbox 1129 2756 1395 2809; x_wconf 87' lang='lat' dir='ltr'>generativa,</span> <span class='ocrx_word' id='word_1_380' title='bbox 1428 2769 1514 2808; x_wconf 92' lang='lat' dir='ltr'>que</span> <span class='ocrx_word' id='word_1_381' title='bbox 1548 2761 1615 2795; x_wconf 90' lang='lat' dir='ltr'>est</span> <span class='ocrx_word' id='word_1_382' title='bbox 1650 2754 1786 2795; x_wconf 93' lang='lat' dir='ltr'>tercia</span> 
     </span>
    </p>
   </div>
  </div>
 </body>
</html>
