1898 3126
969 111 1052 148 244

248 229 323 255 sue
357 214 666 267 generacionis‚
690 220 732 253 et
769 212 999 266 singularis
1035 213 1077 252 in
1113 226 1190 253 sua
1225 217 1353 265 prout
1391 211 1483 265 ipse
1519 211 1685 250 vadunt
1722 208 1777 248 de

80 291 123 322 D.
142 290 183 329 64
200 301 228 321 a.
247 283 448 337 potencia
480 283 536 323 ad
577 288 736 331 actum,
773 288 817 322 et
858 282 918 322 sic
959 294 1056 322 cum
1086 280 1091 335 Ι
1118 281 1187 321 hic
1218 281 1362 321 exitus
1405 279 1454 320 fit
1497 292 1575 332 per
1617 277 1776 318 multas

103 1388 181 1428 701)
201 1397 228 1418 2.

247 351 556 405 disposiciones
587 351 867 404 precedentes
892 349 1094 389 ultimum
1120 348 1490 402 complementum
1515 347 1652 387 forme
1677 345 1777 386 sub-

248 419 470 461 stancialis
505 420 547 459 in
584 433 687 467 esse,
723 432 809 471 que
843 418 1158 472 disposiciones
1196 423 1243 457 ut
1281 416 1398 470 prius
1434 422 1658 456 ostensum
1700 422 1777 464 est,

248 501 336 529 non
372 495 552 542 possunt
588 500 680 528 esse
716 486 958 527 accidencia
994 492 1059 526 set
1095 486 1256 538 gradus
1293 484 1568 533 substancie;
1604 489 1777 537 oportet
1797 500 1814 529 5

248 558 365 610 quod
399 564 490 597 tam
527 557 667 610 prima
696 555 944 595 substancia
977 568 1110 607 quam
1144 555 1334 595 secunda
1368 553 1605 607 suscipiant
1639 553 1777 593 inten-

245 627 414 666 cionem
442 631 486 666 et
508 624 805 665 remissionem
830 624 872 663 in
894 623 1182 677 generacione
1211 629 1254 664 et
1275 623 1568 676 corrupcione.
1633 621 1692 661 Et
1718 621 1777 661 sic

246 693 511 734 Aristoteles
546 692 732 733 intendit
765 693 805 732 in
841 696 884 744 7⁰
911 691 1188 732 Plzz‘sz'cornm
1212 698 1254 732 et
1277 697 1431 732 octavo
1452 689 1779 743 Methaplzisica

247 768 294 802 ut
327 763 563 815 probatum
596 768 672 801 est.
737 761 889 802 Eciam
927 762 961 800 si
993 760 1245 801 substancie
1276 760 1416 813 prime
1448 759 1778 800 considerentur

247 831 484 871 secundum
516 843 561 870 se
593 831 674 870 sub
710 843 788 870 suo
826 829 1068 878 universali,
1104 834 1151 869 ut
1183 830 1272 870 duo
1305 829 1412 869 asini
1453 827 1678 878 individui,
1709 826 1777 868 vel

248 901 333 940 duo
357 900 515 948 leones,
537 897 742 940 differunt
769 899 1007 938 secundum
1037 898 1224 939 nobilius
1247 904 1290 938 et
1312 898 1451 948 vilius,
1473 904 1517 938 et
1537 898 1777 937 secundum

248 969 420 1022 gradus,
442 975 485 1009 et
512 974 576 1008 est
609 981 744 1008 unum
770 968 1042 1009 individuum
1072 968 1315 1008 maximum
1345 968 1387 1007 in
1418 967 1562 1020 specie
1583 966 1778 1019 qualibet

248 1038 364 1090 quod
403 1043 467 1077 est
504 1036 691 1077 nobilius
727 1037 931 1078 omnibus
966 1036 1073 1087 aliis,
1096 1037 1271 1085 scilicet,
1310 1037 1352 1076 in
1386 1050 1473 1089 quo
1507 1037 1587 1076 sub
1621 1035 1778 1076 ultimo

248 1106 572 1158 complemento
602 1105 842 1158 reperiatur
879 1106 1059 1147 materia
1089 1106 1265 1159 propria
1293 1112 1336 1146 et
1368 1106 1508 1145 forma
1537 1105 1779 1145 individuo-

248 1188 355 1224 rum,
377 1175 478 1226 quia
514 1187 650 1214 unum
683 1181 749 1215 est
780 1174 1001 1215 nobilioris
1041 1174 1362 1228 complexionis
1403 1187 1535 1226 quam
1581 1173 1777 1220 alterum,

248 1249 291 1283 ct
323 1243 456 1283 habet
488 1244 679 1283 animam
710 1244 966 1284 nobiliorem
999 1250 1042 1284 et
1074 1257 1232 1297 corpus
1262 1244 1470 1284 similiter.
1535 1243 1636 1283 Hoc
1669 1242 1779 1282 bene

249 1326 392 1352 assero
416 1312 457 1351 in
484 1313 686 1352 omnibus
716 1319 994 1366 preterquam
1028 1314 1069 1352 in
1101 1313 1280 1354 homine
1313 1314 1367 1354 de
1395 1327 1482 1366 quo
1514 1318 1580 1353 est
1609 1311 1749 1364 major
1775 1310 1778 1348 l

250 1380 419 1433 questio
446 1387 624 1434 propter
647 1382 837 1422 animam
866 1381 1140 1432 racionalem,
1163 1396 1262 1423 cum
1293 1389 1442 1423 tamen
1465 1396 1490 1422 a
1512 1387 1635 1434 parte
1659 1394 1777 1421 com-

247 1448 464 1501 plexionis
483 1449 536 1489 sit
552 1449 739 1490 intensio
758 1450 826 1490 vel
845 1451 1053 1501 remissio,
1070 1457 1113 1491 et
1129 1451 1208 1492 hec
1226 1457 1380 1504 patent
1398 1463 1473 1504 per
1490 1449 1779 1491 Aristotelem

248 1531 304 1557 ex
342 1522 412 1571 130
434 1517 747 1571 assetlmplzz'sice
778 1525 820 1559 et
852 1519 962 1559 libro
993 1519 1061 1559 De
1080 1534 1203 1561 seusu
1224 1527 1267 1560 et
1285 1527 1454 1561 sensato
1483 1520 1525 1560 in
1555 1533 1642 1572 quo
1671 1520 1780 1559 inter

249 1585 472 1626 individua
514 1586 709 1639 ejusdem
755 1588 909 1640 speciei
958 1589 1134 1641 ponitur
1184 1603 1318 1630 unum
1365 1595 1408 1630 et
1455 1590 1695 1642 minimum,
1737 1596 1780 1630 et

249 1654 514 1695 Aristoteles
546 1657 844 1709 exemplificat
876 1659 931 1698 de
962 1658 1211 1699 hominibus
1237 1659 1346 1699 sicut
1372 1660 1427 1699 de
1454 1659 1575 1712 equis
1603 1665 1647 1700 et
1673 1658 1779 1698 aliis.

250 1723 510 1764 Substancie
532 1731 679 1764 autem
703 1726 970 1767 universales
987 1727 1229 1768 adinvicem
1249 1734 1503 1780 comparate
1525 1727 1605 1768 sub
1621 1740 1781 1780 genere

247 1806 339 1842 suo,
382 1798 430 1833 ut
471 1800 604 1846 patet,
646 1792 849 1835 differunt
902 1809 1033 1848 penes
1081 1797 1243 1848 gradus
1286 1796 1540 1847 nobilitatis,
1580 1797 1682 1849 quia
1723 1810 1780 1836 ex

247 1866 291 1914 30
322 1861 634 1914 llseffzafflzisice
659 1869 701 1902 et
734 1867 804 1901 10⁰
832 1864 1112 1904 manifestum
1139 1870 1205 1905 est
1236 1866 1355 1918 quod
1385 1878 1515 1905 omne
1545 1878 1684 1917 genus
1715 1864 1780 1905 di·
1823 1877 1838 1907 .·

248 1930 411 1971 viditur
433 1931 474 1971 in
504 1931 613 1971 duas
640 1930 911 1973 differencias
934 1933 1169 1986 specificas,
1190 1947 1373 1986 quarum
1396 1947 1480 1974 una
1503 1940 1568 1974 est
1594 1933 1781 1974 nobilior

249 1999 347 2048 alia,
383 2006 426 2039 et
467 2013 513 2040 se
554 2000 686 2041 habet
729 2015 805 2053 per
843 2002 1024 2042 modum
1061 2003 1246 2052 habitus,
1284 2003 1449 2055 reliqua
1487 2017 1563 2056 per
1599 2003 1778 2043 modum

249 2068 518 2121 privacionis.
582 2069 715 2110 Unde
741 2070 901 2111 animal
932 2071 1148 2112 racionale
1169 2078 1233 2112 est
1255 2072 1444 2112 nobilius
1465 2085 1595 2125 quam
1618 2071 1781 2112 animal

249 2137 514 2187 irracionale,
537 2144 580 2178 et
608 2138 707 2179 ideo
732 2140 826 2181 vult
849 2141 891 2180 in
919 2141 1091 2181 decimo
1117 2141 1430 2194 stletllaphisice
1452 2142 1570 2193 quod
1598 2141 1640 2180 in
1662 2141 1780 2180 omni

1801 841 1839 863 10

1801 1184 1836 1214 15

1802 1527 1840 1549 20

248 2219 404 2258 genere
430 2213 495 2247 est
520 2221 653 2247 unum
683 2208 873 2261 primum
896 2216 939 2249 et
962 2210 1203 2250 maximum
1227 2211 1346 2262 quod
1369 2216 1434 2250 est
1457 2209 1645 2250 nobilius
1672 2208 1780 2249 aliis.
1801 2219 1841 2251 30

251 2274 296 2315 Si
322 2288 424 2315 vero
455 2275 669 2316 obiciatur
700 2278 817 2329 quod
852 2278 990 2331 magis
1021 2286 1084 2319 est
1116 2279 1234 2332 quod
1265 2279 1398 2320 habet
1431 2279 1571 2319 minus
1596 2278 1651 2318 de
1681 2291 1782 2318 con-

292 2429 334 2449 20
358 2421 648 2461 Methaphisiee]
668 2421 739 2454 xiii.
758 2433 784 2453 c.
803 2434 833 2463 3.
903 2434 944 2463 25
968 2424 1258 2465 Methaphisice]
1276 2425 1318 2455 iii⁴
1338 2435 1386 2463 10,
1404 2435 1436 2455 x.
1461 2435 1508 2463 13.
1569 2434 1612 2464 29
1635 2426 1780 2455 Metha-

249 2470 412 2511 phisiee]
437 2470 499 2502 loc.
521 2472 576 2503 cit.

295 2607 314 2634 4
340 2598 533 2638 ostensum]
553 2600 679 2630 dietum
698 2600 733 2630 D
850 2611 883 2632 11
913 2602 1092 2643 differunt]
1110 2602 1267 2634 differant
1282 2602 1316 2633 F
1450 2613 1488 2641 14
1512 2601 1779 2642 complemento]

250 2647 479 2686 complimenti
497 2647 538 2678 M
623 2650 748 2691 forma]
765 2651 870 2683 forma
888 2653 1023 2692 propria
1040 2653 1072 2684 F
1203 2655 1242 2684 16
1266 2653 1359 2694 Hoc]
1379 2653 1454 2685 Hec
1471 2654 1540 2684 DF
1668 2663 1708 2692 19
1730 2653 1778 2682 in-

249 2698 360 2728 tensio
376 2699 442 2739 vel]
461 2705 525 2730 tam
545 2701 692 2733 intensio
709 2713 807 2742 quam
825 2704 858 2733 F
983 2716 1025 2736 20
1052 2705 1121 2745 13⁰]
1143 2709 1195 2736 10⁰
1211 2705 1243 2735 F
1363 2716 1403 2745 23
1431 2705 1631 2737 Substancie
1648 2703 1778 2744 autem]

251 2748 310 2778 Set
330 2750 474 2781 habeant
491 2752 524 2781 F
