1898 3126
26 865 61 885 10

23 1550 61 1572 20

8 2233 60 2274 130

808 130 883 171 197

79 238 122 272 et
148 231 257 280 ideo,
289 231 357 270 hic
390 231 547 271 modus
577 230 656 271 loci
688 238 753 272 est
791 232 930 284 magis
962 233 1221 287 inproprius.
1286 236 1506 288 Similiter,
1540 239 1604 278 in-

79 299 278 353 proprius
305 306 371 339 est
402 299 577 351 quando
609 306 675 340 θεῖ
707 312 790 340 una
819 300 1069 353 superficies
1092 309 1134 342 et
1159 310 1378 357 respectus
1395 306 1603 355 diversus,

79 375 126 408 ut
156 367 331 420 quando
362 367 404 407 in
435 368 591 407 eodem
622 381 724 408 vase
753 367 946 408 defertur
982 369 1146 422 aliquid
1192 384 1268 423 per
1305 373 1499 414 diversos
1536 388 1601 415 re-

78 442 251 490 spectus
287 436 344 476 ad
378 435 589 476 terminos
630 436 792 485 mundi,
828 442 871 476 et
907 437 974 478 hic
1012 439 1204 479 maxime
1245 447 1309 481 est
1351 442 1605 495 inproprius,

79 505 179 558 quia
219 505 280 544 sic
313 504 497 544 sumitur
534 503 655 545 locus
691 511 738 545 ut
770 518 858 554 vaS,
893 512 936 546 et
973 519 1059 547 non
1098 514 1144 548 ut
1184 509 1357 562 proprie
1394 509 1524 559 locus,
1563 519 1605 552 et

79 586 226 615 omnes
267 572 466 613 homines
507 572 668 623 dicent,
711 574 828 626 quod
869 573 957 615 tale
1004 575 1193 617 locatum
1238 584 1380 618 mutat
1422 591 1519 618 vere
1560 585 1603 618 et

80 641 250 695 proprie
289 640 446 691 locum,
490 640 589 682 licet
630 648 826 682 remanet
872 656 1044 696 semper
1091 645 1133 684 in
1176 646 1329 686 eadem
1379 646 1606 699 superficie

78 710 203 750 vasis.
265 709 378 751 Sunt
400 709 530 762 igitur
551 709 619 749 hic
646 710 838 762 quinque
868 713 998 761 modi,
1026 725 1134 753 unus
1161 720 1225 754 θεῖ
1248 715 1427 766 quando
1452 728 1601 766 super-

79 779 194 819 ficies
237 784 302 819 est
342 792 442 818 vere
485 791 572 818 una
611 777 878 831 simpliciter,
905 786 948 820 et
990 793 1077 821 non
1119 783 1377 835 composita,
1412 788 1455 823 et
1496 796 1604 823 unus

79 853 297 901 respectus
331 847 387 887 ad
421 847 634 887 terminos
671 847 837 895 mundi,
871 854 914 887 et
950 848 1032 889 hoc
1069 850 1247 901 quando
1284 850 1523 892 collocatur
1560 851 1602 891 in

77 915 312 970 superficie,
335 929 420 967 que
452 914 706 955 naturaliter
738 915 868 955 debet
902 916 1041 958 locare
1072 917 1205 958 talem
1237 932 1340 966 rem,
1373 925 1419 959 ut
1454 932 1602 972 super-

79 985 193 1026 ficies
233 983 311 1025 celi
353 984 511 1037 ignem,
547 990 590 1024 et
632 982 882 1035 superficies
922 985 1032 1037 ignis
1073 999 1230 1033 aerem,
1270 993 1313 1027 et
1354 987 1603 1040 superficies

78 1053 184 1094 aeris
219 1065 392 1105 aquam,
426 1058 468 1092 et
503 1051 751 1105 superficies
783 1065 896 1103 aque
928 1059 1100 1094 terram.
1165 1055 1214 1094 In
1249 1055 1325 1095 tali
1359 1056 1473 1095 enim
1508 1054 1602 1096 loco

78 1134 248 1174 semper
278 1126 539 1161 concurrunt
576 1120 719 1161 unitas
753 1119 997 1172 superficiei
1029 1128 1072 1161 et
1104 1123 1219 1162 idem
1264 1129 1482 1176 respectus
1524 1124 1604 1164 im—

79 1188 308 1238 mutabilis,
339 1189 456 1229 unde
487 1201 572 1229 non
605 1195 751 1242 potest
792 1189 1004 1229 removeri
1040 1221 1041 1243 ,
1076 1189 1147 1230 illa
1188 1191 1451 1243 superficieS,
1492 1192 1602 1232 sicut

78 1271 154 1298 nec
209 1263 454 1310 respectus;
506 1257 641 1298 immo
684 1257 778 1297 vult
828 1257 900 1298 illa
942 1258 1191 1311 superficies
1232 1259 1393 1300 habere
1433 1273 1604 1312 semper

78 1339 208 1367 unum
241 1330 497 1378 respectum,
534 1326 637 1378 quia
677 1325 927 1378 superficies
968 1326 1046 1367 celi
1090 1327 1221 1368 habet
1264 1342 1435 1381 semper
1476 1342 1601 1368 suum

78 1400 335 1447 respectum,
370 1400 415 1435 et
447 1393 697 1447 superficies
732 1394 843 1448 ignis
880 1409 1053 1449 semper
1089 1409 1228 1448 suum,
1266 1404 1309 1437 et
1346 1398 1378 1436 si
1418 1399 1604 1438 mundus

79 1471 188 1505 esset
220 1463 397 1504 omnino
428 1470 768 1512 consummatus,
799 1463 1048 1517 superficies
1079 1466 1190 1506 aeris
1221 1466 1402 1507 haberet
1434 1480 1604 1520 semper

78 1539 319 1586 respectum
361 1533 561 1582 eundem,
603 1538 647 1573 θῖ
687 1532 885 1573 similiter
925 1547 1038 1586 aque
1083 1534 1357 1588 superficies;
1399 1542 1463 1576 set
1497 1536 1602 1574 dum

77 1601 200 1642 durat
224 1602 451 1654 generacio
477 1600 720 1649 hominum,
747 1607 919 1654 oportet
945 1602 1064 1653 quod
1096 1609 1319 1643 mutentur
1347 1603 1427 1644 hee
1456 1617 1602 1656 super-

77 1669 193 1710 ficies
217 1683 242 1710 a
273 1670 362 1710 suis
394 1670 679 1722 respectubus
704 1669 988 1720 naturalibus,
1010 1677 1052 1711 et
1079 1671 1161 1712 hoc
1188 1679 1251 1712 est
1278 1685 1303 1711 a
1333 1672 1429 1725 lege
1451 1678 1603 1712 nature

77 1738 337 1788 universalis,
378 1752 463 1791 que
510 1739 698 1780 intendit
744 1739 911 1779 salvare
951 1738 1273 1780 habitacionem
1322 1741 1376 1780 ad
1418 1747 1602 1793 tempus.

79 1807 155 1849 Set
195 1814 342 1849 tamen
385 1814 541 1848 natura
589 1807 860 1860 particularis
909 1807 1240 1857 elementorum,
1282 1815 1494 1860 quantum
1537 1815 1603 1848 est

77 1876 131 1916 de
166 1889 222 1925 se,
260 1876 436 1928 requirit
476 1876 593 1928 quod
631 1875 878 1928 superficies
919 1875 1151 1928 cujuslibet
1186 1875 1347 1916 habeat
1389 1889 1521 1915 unum
1561 1882 1603 1915 et

78 1945 261 1985 eundem
300 1950 542 1997 respectum
577 1950 851 1997 perpetuum,
890 1950 933 1984 et
964 1945 1204 1985 secundum
1246 1944 1329 1984 hoc
1365 1944 1604 1985 attenditur

79 2014 232 2054 modus
260 2012 342 2054 loci
376 2013 714 2066 propriissimus,
736 2020 780 2054 et
812 2013 954 2053 unitas
989 2012 1070 2052 loci
1101 2026 1178 2064 per
1208 2013 1419 2053 unitatem
1454 2025 1601 2065 super-

77 2080 184 2122 ficiei
216 2088 260 2122 et
291 2089 520 2134 respectus.
584 2081 814 2123 Secundus
848 2082 1002 2122 modus
1034 2087 1098 2121 est
1130 2081 1337 2134 proprius,
1365 2087 1430 2121 set
1464 2081 1602 2120 minus

77 2151 261 2203 proprie,
294 2157 341 2192 ut
377 2157 443 2191 est
479 2151 536 2192 de
572 2150 668 2191 loco
702 2150 896 2203 corporis
933 2149 1134 2189 habentis
1170 2150 1314 2202 plures
1356 2148 1603 2201 superficies

77 2219 306 2271 simplices,
346 2219 447 2260 licet
489 2232 620 2260 unam
669 2218 974 2271 compositam.
1054 2218 1140 2258 Hic
1182 2218 1297 2259 enim
1341 2218 1496 2259 modus
1538 2224 1602 2257 est

78 2289 286 2341 proprius,
308 2289 342 2329 si
364 2288 500 2329 habet
527 2288 740 2328 unitatem
771 2294 1006 2340 respectus,
1026 2287 1128 2339 quia
1149 2299 1233 2326 una
1260 2293 1325 2327 est
1354 2286 1601 2339 superficies

78 2367 270 2406 numerO,
306 2356 406 2398 licet
439 2369 526 2397 non
565 2356 625 2396 ita
659 2369 743 2396 una
779 2356 889 2395 sicut
922 2355 956 2395 si
993 2361 1105 2395 esset
1141 2354 1341 2406 simplex.
1416 2353 1495 2394 Set
1531 2353 1602 2393 alii

79 2425 165 2465 duo
207 2425 326 2465 modi
367 2431 469 2466 sunt
513 2424 735 2478 inproprii,
772 2430 819 2463 ut
861 2424 915 2463 de
952 2429 1068 2463 turre
1113 2428 1156 2463 et
1192 2423 1314 2475 virga
1350 2423 1392 2461 in
1426 2421 1604 2462 diversis

79 2492 313 2543 elementis,
345 2500 410 2534 set
444 2494 486 2533 in
522 2495 643 2546 virga
678 2499 742 2532 est
779 2493 917 2544 magis
953 2492 1250 2545 inproprietas,
1282 2497 1325 2530 et
1362 2490 1459 2530 dico
1492 2489 1603 2528 hanc

119 2592 138 2621 3
164 2589 199 2614 ut
216 2585 349 2623 quando
367 2608 374 2616 .
394 2608 403 2617 .
423 2608 431 2615 .
450 2588 627 2623 respectus
643 2593 709 2613 om.
731 2583 762 2611 l)
894 2581 1035 2620 aliquid]
1054 2581 1188 2619 aliquod
1207 2580 1238 2609 F
1388 2581 1408 2609 6
1432 2578 1602 2618 homines]

78 2634 227 2666 raciones
243 2635 276 2665 F
382 2636 513 2675 dicent]
533 2636 686 2666 dicerent
702 2634 766 2664 FD
901 2643 917 2671 7
944 2632 1110 2672 remanet]
1128 2636 1301 2662 remaneat
1319 2631 1352 2659 D
1483 2640 1503 2668 9
1526 2629 1602 2659 sim-

78 2685 224 2726 pliciter]
238 2687 383 2727 simplex
399 2687 464 2717 FD
583 2697 624 2716 22
643 2685 852 2716 naturalibus
869 2694 935 2714 om.
954 2684 986 2713 F
1071 2683 1125 2714 alt.
1142 2683 1177 2723 a]
1195 2693 1238 2713 ex
1255 2682 1288 2711 D
1408 2691 1447 2719 27
1466 2680 1601 2719 modus]

78 2739 189 2768 mundi
208 2738 241 2767 D
418 2749 460 2778 29
486 2738 636 2778 proprie]
668 2737 806 2777 proprie
836 2736 960 2766 dicitur
988 2735 1021 2765 D
1208 2745 1245 2773 31
1274 2733 1389 2773 habet]
1420 2732 1541 2763 habeat
1570 2731 1604 2760 D

77 2798 117 2826 32
140 2799 279 2820 numero
294 2800 361 2821 om.
380 2790 411 2819 F
539 2800 580 2829 34
606 2789 656 2829 in]
676 2789 717 2819 de
733 2788 768 2818 D

1623 1198 1746 1236 56a2.
