1898 3126
47 639 251 668 F.111a1.

102 2116 143 2146 D.
163 2114 203 2146 66
221 2125 249 2145 a.

996 111 1080 155 250

275 219 365 259 istis
396 218 529 267 libris,
551 223 595 258 et
626 217 781 270 vulgus
813 217 972 270 accipit
1003 231 1055 258 ea
1090 231 1167 271 pro
1204 218 1315 259 veris
1351 224 1532 272 propter
1567 219 1649 260 hoc
1685 219 1804 272 quod

276 287 525 328 auctoritati
557 286 784 327 Avicenne
817 292 861 327 et
892 285 1117 339 Algazelis
1151 286 1233 327 hoc
1270 287 1460 328 ascribit.
1537 287 1678 337 Unde,
1713 300 1806 340 pre-

276 355 402 408 cipue
433 356 475 395 in
506 355 773 396 naturalibus
804 362 848 396 et
881 354 1199 407 methaphisica
1239 363 1340 396 sunt
1373 369 1537 396 errores
1568 355 1699 408 aliqui
1731 357 1805 410 qui

275 431 374 466 sunt
415 425 594 466 omnino
638 425 821 475 vitandi,
866 425 977 466 sicut
1020 425 1062 464 in
1104 425 1376 465 naturalibus
1423 425 1479 465 de
1520 426 1807 477 generacione

273 494 521 535 substancie
550 501 594 535 et
627 494 668 533 in
699 492 1016 547 methaphisica
1042 494 1097 533 de
1128 494 1419 546 produccione
1440 494 1625 535 universi
1653 507 1805 535 secun·
1825 508 1844 539 5

273 565 379 605 dum
414 564 611 604 ordinem
656 562 1059 614 intelligenciarum,
1092 570 1135 602 et
1173 563 1229 602 de
1272 576 1382 615 pena
1424 563 1668 603 animarum
1705 570 1806 616 post

272 632 386 673 hanc
416 633 563 680 vitam,
594 631 794 684 quamvis
827 644 965 684 pauce
1001 637 1102 671 sunt
1139 631 1220 671 iste
1258 630 1471 672 falsitates
1510 629 1515 686 Ι
1554 632 1596 671 in
1633 645 1805 672 enarra-

274 701 432 742 bilibus
474 707 517 741 et
554 700 856 753 pulcherrimis
892 699 1147 741 veritatibus
1183 700 1441 753 constipate,
1479 707 1522 741 et
1563 700 1805 754 magnificis

272 770 449 811 secretis
500 769 778 822 philosophie
822 769 1084 823 interposite.
1163 770 1232 810 De
1274 768 1530 822 logicalibus
1570 777 1718 810 autem
1762 776 1806 811 et

276 839 472 891 partibus
505 838 814 879 mathematice
847 837 890 878 in
925 837 1046 878 nullo
1078 838 1371 879 dubitandum
1404 844 1485 889 est,
1515 839 1620 891 quin
1652 852 1804 879 eorum

276 908 523 949 auctoritati
550 914 594 948 et
622 908 843 948 sentencie
875 903 1060 960 possunt
1085 907 1255 956 ascribi,
1287 907 1389 960 quia
1422 907 1463 947 in
1494 907 1655 949 talibus
1686 908 1802 960 apud

276 977 515 1018 sentencias
555 976 921 1029 philosophorum
958 976 1159 1028 vulgatas
1200 988 1317 1016 error
1352 989 1439 1015 non
1482 977 1692 1029 reperitur
1726 989 1804 1018 nec

278 1046 518 1095 diversitas,
549 1052 595 1086 ut
630 1045 734 1085 dicit
767 1045 969 1097 Algazel,
1001 1052 1044 1086 et
1087 1045 1186 1086 ideo
1228 1057 1301 1085 eas
1335 1045 1581 1098 approbant
1623 1051 1667 1085 et
1702 1058 1803 1086 con—

285 1114 472 1155 firmant.

337 1241 579 1295 Capz'zulam
602 1248 671 1291 4¹¹³.
732 1242 783 1282 de
806 1255 1009 1282 mensura
1031 1241 1178 1282 ultimi
1195 1255 1281 1282 esse
1304 1242 1529 1283 terminia
1550 1256 1639 1295 qno.

332 1346 569 1398 Postquam
600 1345 800 1385 habitum
832 1350 896 1385 est
918 1346 1036 1398 quod
1067 1345 1281 1386 successio
1313 1344 1522 1398 temporis
1550 1344 1740 1397 exigitur
1760 1344 1803 1384 in

273 1414 559 1467 generacione
581 1414 841 1463 substancie‚
864 1420 967 1454 tunc
995 1414 1168 1466 gravius
1199 1413 1335 1453 oritur
1356 1413 1583 1454 contencio
1605 1415 1659 1454 de
1689 1426 1803 1454 men-

273 1496 372 1523 sura
414 1481 553 1523 ultimi
596 1496 687 1523 esse
729 1482 862 1536 ipsius
899 1482 1073 1522 termini
1117 1496 1142 1521 a
1178 1495 1291 1536 quo3
1335 1496 1389 1523 an
1427 1482 1585 1522 debeat
1626 1495 1721 1522 esse
1761 1481 1804 1522 in

273 1552 451 1593 instanti
493 1551 651 1604 aliquo,
683 1564 738 1591 an
782 1550 823 1590 in
860 1550 1006 1603 aliqua
1047 1557 1171 1603 parte
1202 1551 1424 1604 temporis.
1489 1549 1710 1601 Similiter,
1748 1550 1804 1591 de

272 1620 452 1660 instanti
475 1620 592 1673 quod
625 1618 759 1659 habet
789 1632 1036 1659 mensurare
1067 1619 1241 1659 finalem
1274 1619 1601 1672 corrupcionem
1629 1619 1802 1660 termini

273 1702 297 1728 a
327 1702 426 1740 quo,
450 1694 492 1728 et
522 1688 895 1741 complementum
926 1689 1222 1740 generacionis
1248 1689 1420 1729 termini
1449 1689 1505 1728 ad
1535 1702 1679 1741 quem.
1743 1687 1804 1728 Et

273 1756 445 1797 fuerunt
477 1757 544 1798 hic
573 1763 659 1797 tres
686 1755 945 1810 principales
976 1757 1214 1810 opiniones.
1277 1757 1378 1798 Una
1408 1757 1580 1798 dicebat
1612 1757 1731 1809 quod
1760 1757 1802 1796 in

272 1826 462 1874 instanti,
500 1826 618 1877 quod
656 1832 722 1866 est
756 1824 853 1865 finis
890 1826 1102 1878 temporis
1136 1826 1428 1866 mensurantis
1468 1827 1802 1879 generacionem

269 1895 442 1935 termini
475 1896 529 1935 acl
553 1907 683 1947 quem
717 1900 759 1934 et
790 1895 1116 1947 corrupcionem
1149 1894 1322 1934 termini
1354 1908 1379 1933 a
1400 1907 1498 1947 quo,
1522 1895 1577 1935 sit
1599 1893 1801 1934 ultimum

269 1976 360 2004 esse
378 1963 511 2016 ipsius
527 1962 702 2003 termini
724 1976 749 2003 a
772 1975 870 2015 quo,
886 1963 928 2002 in
945 1970 1156 2016 quantum
1176 1970 1240 2003 est
1262 1962 1360 2003 finis
1382 1963 1575 2016 preteriti
1593 1962 1802 2015 temporis

270 2031 387 2072 dicti.
450 2031 631 2072 Etcum
662 2031 778 2072 idem
811 2032 977 2073 instans
1008 2033 1064 2072 sit
1096 2032 1351 2086 principium
1384 2031 1561 2072 alterius
1593 2032 1802 2086 temporis

270 2101 384 2154 quod
405 2101 537 2141 habet
554 2101 804 2141 continuare
822 2114 915 2141 esse
930 2101 1103 2141 termini
1120 2101 1174 2140 ad
1202 2100 1207 2154 Ι
1236 2113 1381 2152 quem,
1404 2098 1409 2154 Ι
1436 2100 1541 2140 dicit
1557 2099 1637 2140 hec
1652 2101 1802 2153 opinio

244 2194 250 2200 -
271 2169 387 2222 quod
411 2169 454 2208 in
477 2169 631 2209 eodem
663 2168 738 2209 illo
767 2169 946 2210 instanti
979 2169 1027 2209 fit
1050 2169 1191 2209 finalis
1219 2169 1442 2222 corrupcio
1470 2170 1645 2208 termini
1667 2182 1692 2208 a
1713 2182 1801 2221 quo

271 2244 315 2278 et
355 2236 575 2290 completa
610 2238 842 2290 generacio
881 2238 1054 2278 termini
1092 2238 1147 2278 ad
1190 2251 1332 2289 quem,
1365 2237 1408 2276 in
1447 2244 1659 2290 quantum
1692 2237 1799 2278 illud

1827 853 1866 877 10

1828 1253 1865 1286 15

1825 1635 1864 1656 20

1825 1975 1862 2008 25

270 2307 436 2346 instans
457 2312 521 2346 est
545 2306 804 2359 principium
828 2307 1036 2360 temporis
1060 2305 1293 2359 sequentis,
1308 2312 1352 2345 et
1374 2305 1435 2346 ita
1456 2311 1604 2357 potest
1626 2305 1799 2356 mobile,
1821 2314 1862 2346 30

270 2387 344 2416 seu
367 2374 548 2415 materia
571 2375 869 2426 generacionis
898 2381 941 2415 et
966 2374 1273 2426 corrupcionis,
1305 2387 1397 2413 esse
1425 2373 1552 2413 simul
1577 2374 1619 2413 in
1642 2374 1797 2414 eodem

272 2443 447 2483 instanti
470 2443 551 2483 sub
574 2448 757 2496 utroque
779 2443 977 2494 termino,
1001 2449 1047 2483 ut
1068 2441 1196 2482 simul
1218 2442 1273 2482 sit
1295 2455 1409 2494 aqua
1431 2448 1474 2482 et
1494 2455 1582 2482 non
1604 2455 1733 2494 aqua,
1756 2447 1800 2482 et

272 2525 386 2565 aqua
408 2518 451 2552 et
473 2511 598 2564 ignis,
619 2511 744 2552 albus
770 2518 813 2551 et
842 2525 928 2552 non
953 2512 1092 2561 albus,
1115 2517 1157 2551 et
1187 2510 1312 2551 albus
1335 2517 1378 2551 et
1399 2511 1533 2563 niger,
1556 2517 1599 2550 et
1621 2516 1797 2551 contra-

273 2580 455 2620 dictoria
489 2579 711 2627 verificari,
743 2581 846 2632 quia
877 2581 1043 2620 instans
1079 2580 1213 2620 habet
1245 2579 1438 2619 raciones
1470 2579 1661 2619 diversas
1697 2579 1798 2619 hinc

320 2689 332 2710 1
361 2679 449 2720 istis]
467 2679 532 2710 illis
549 2679 618 2710 DF
797 2690 817 2719 3
840 2679 1099 2720 methaphisica]
1118 2679 1354 2711 mathematica
1371 2678 1439 2709 DF
1611 2690 1630 2718 4
1654 2678 1798 2720 vitandi]

275 2731 438 2762 recitandi
454 2731 489 2761 D
602 2741 640 2762 12
665 2741 727 2762 nec
745 2754 752 2762 .
771 2755 778 2762 .
800 2755 807 2762 .
826 2731 965 2771 Algazel
983 2741 1047 2762 om.
1065 2731 1135 2761 DF
1248 2740 1285 2769 15
1311 2730 1501 2770 Capitulum
1520 2754 1527 2761 .
1547 2754 1554 2762 .
1574 2754 1581 2762 .
1603 2741 1668 2770 quo
1685 2741 1750 2763 om.
1769 2731 1804 2762 F

273 2791 315 2811 22
340 2782 542 2822 principales
557 2791 625 2813 om.
643 2783 676 2812 F
