1898 3126
125 775 163 813 83,
181 773 202 804 b
221 782 248 803 2.

983 103 1063 146 288

266 222 309 256 et
351 217 490 256 sciens
539 224 736 269 respectu
776 218 984 271 ejusdem,
1019 218 1136 270 quod
1181 224 1246 258 est
1290 217 1572 271 impossibile.
1633 216 1679 258 Si
1718 217 1778 257 di-

267 291 398 334 catur,
436 291 483 324 ut
518 284 726 327 Averrois
768 287 808 326 in
856 291 899 339 30
939 285 1007 325 De
1041 286 1208 326 Anima
1250 287 1379 327 docet
1421 286 1683 340 respondere
1723 286 1778 326 ad

268 353 350 393 hoc
390 360 695 407 argumentum
742 355 859 406 quod
901 354 1128 394 diversitas
1172 360 1237 395 est
1281 368 1357 408 per
1399 354 1778 408 ymaginacionem

267 421 480 462 diversam
522 423 562 462 in
605 423 783 463 diversis
817 422 1075 470 hominibus,
1108 429 1151 463 et
1191 423 1290 463 ideo
1323 423 1468 463 anima
1503 423 1582 463 scit
1618 423 1661 463 in
1697 422 1781 463 isto

266 497 309 530 et
344 490 514 543 ignorat
549 491 590 530 in
625 491 711 531 alio
745 498 923 543 propter
962 491 1093 532 aliam
1138 498 1181 532 et
1221 491 1351 532 aliam
1393 492 1779 545 ymagfflacionem,
1801 512 1818 542 5

267 559 627 600 considerandum
671 567 736 601 est
776 566 878 600 tunc
914 560 1098 612 qualiter
1133 560 1409 613 ymaginacio
1443 560 1626 613 impedit
1659 559 1783 600 intel-

267 627 428 668 lectum
450 628 517 668 vel
541 635 745 682 operatur
767 630 821 669 ad
846 629 999 681 ipsum.
1061 629 1179 669 Nam
1200 642 1349 669 verum
1373 636 1438 670 est
1460 630 1577 682 quod
1600 629 1782 669 virtutes

270 696 472 737 sensitive
494 698 739 737 deserviunt
762 696 1012 747 intellectui,
1034 705 1076 739 et
1098 699 1275 751 quando
1297 697 1510 748 leduntur,
1533 704 1580 738 ut
1606 698 1649 738 in
1681 697 1783 738 stul-

269 766 325 805 tis
370 765 624 806 naturaliter
665 772 709 806 et
750 766 791 806 in
836 765 1066 817 freneticis‚
1107 767 1207 820 quia
1250 767 1356 808 lesio
1405 765 1574 821 acicidit
1616 779 1783 819 organo

267 834 435 875 virtutis
469 835 685 885 sensitive‚
716 841 817 875 tunc
860 835 1092 890 impeditur
1133 836 1335 888 operacio
1373 835 1652 888 intelligendi,
1684 836 1784 888 quia
1808 853 1845 874 10

268 917 384 944 error
414 909 479 944 est
511 904 552 943 in
584 904 789 944 sensitiva
825 911 868 945 et
899 918 985 945 non
1021 911 1164 957 potest
1197 906 1361 958 species
1392 905 1538 945 venire
1566 906 1622 945 ad
1660 905 1784 946 intel-

268 973 429 1012 lectum
452 973 690 1012 secundum
714 980 880 1013 rectum
909 986 1003 1014 esse
1031 979 1074 1014 et
1101 973 1355 1022 veritatem3
1385 974 1519 1014 immo
1548 974 1785 1014 destruitur

270 1055 363 1082 esse
396 1041 551 1095 speciei
593 1048 639 1081 ut
675 1041 918 1082 intellectus
960 1055 1044 1082 non
1081 1042 1217 1094 possit
1259 1042 1490 1092 informari,
1524 1048 1567 1082 et
1602 1049 1704 1083 tunc
1736 1041 1785 1082 fit

269 1110 401 1151 homo
423 1108 581 1150 stultus
603 1110 668 1149 vel
692 1123 842 1150 amens
865 1124 939 1151 seu
954 1111 1124 1164 juvenis
1150 1124 1224 1151 seu
1247 1124 1395 1151 senex,
1460 1110 1535 1152 Set
1557 1111 1591 1151 si
1622 1124 1785 1163 organa

266 1179 567 1219 sensitivarum
599 1179 809 1219 virtutum
842 1179 928 1220 sint
957 1179 1089 1229 illesa,
1117 1186 1218 1220 tunc
1245 1180 1426 1220 virtutes
1458 1179 1659 1221 sensitive
1686 1186 1785 1220 sunt
1809 1195 1845 1226 15

269 1247 467 1288 similiter
488 1261 589 1288 sane
611 1255 654 1288 et
675 1248 826 1288 debito
850 1248 981 1288 modo
1011 1254 1311 1301 representant
1332 1248 1498 1301 species
1531 1262 1673 1289 rerum
1704 1249 1785 1301 ipsi

267 1315 514 1366 intellectui,
545 1323 587 1357 et
618 1324 719 1357 tune
754 1317 1002 1358 intellectus
1033 1316 1235 1371 intelligit
1269 1325 1312 1358 et
1346 1317 1446 1358 facit
1483 1318 1785 1371 operacionem

266 1399 387 1426 suam
422 1385 700 1437 completam,
727 1399 804 1425 nec
838 1385 1074 1438 impeditur
1108 1387 1151 1426 in
1179 1387 1337 1439 aliquo.
1399 1385 1444 1427 Si
1479 1387 1610 1440 igitur
1643 1386 1786 1426 exclu-

268 1455 421 1495 damus
442 1453 691 1507 hujusmodi
715 1454 932 1501 lesionem,
955 1454 1133 1507 planum
1156 1461 1222 1495 est
1249 1456 1366 1508 quod
1398 1455 1677 1509 ymaginacio
1703 1468 1787 1496 non

270 1522 573 1564 diversificabit
613 1522 879 1563 intellectum
909 1523 950 1563 in
975 1523 1155 1563 diversis
1186 1529 1232 1563 ut
1265 1537 1371 1563 unus
1414 1524 1468 1564 sit
1506 1525 1709 1577 ignorans
1744 1529 1787 1564 et
1810 1540 1848 1561 20

268 1592 376 1632 alius
417 1591 552 1633 sciens
594 1598 789 1645 respectu
832 1591 1025 1645 ejusdem
1063 1592 1097 1632 si
1141 1605 1249 1632 unus
1285 1598 1351 1632 est
1388 1591 1646 1643 intellectus,
1687 1591 1787 1645 quia

273 1661 505 1713 utrobique
526 1666 590 1700 est
613 1660 857 1700 intellectus
880 1661 920 1700 in
944 1674 1022 1700 sua
1044 1667 1262 1714 potestate
1286 1667 1329 1700 et
1350 1661 1485 1701 virtus
1513 1661 1716 1702 sensitiva
1747 1662 1788 1701 in

269 1731 383 1770 bona
405 1735 447 1769 et
469 1743 571 1769 sana
593 1729 894 1782 disposicione.
956 1728 1103 1781 Quare
1124 1742 1209 1770 non
1233 1729 1358 1770 faciet
1380 1730 1654 1783 ymaginacio
1682 1730 1790 1770 hanc

272 1799 580 1847 diversitatem,
606 1804 669 1838 set
700 1797 777 1838 erit
810 1798 851 1837 in
880 1798 974 1851 ipso
1004 1797 1238 1845 intellectu,
1261 1804 1303 1838 et
1337 1798 1395 1838 ita
1417 1799 1497 1839 erit
1520 1799 1720 1852 ignorans
1748 1806 1791 1839 et

274 1867 427 1907 sciens.

332 1935 463 1988 Quod
494 1943 640 1977 autem
663 1936 871 1978 Averrois
893 1937 1034 1990 arguit
1057 1938 1099 1977 in
1120 1937 1398 1987 contrarium,
1421 1936 1564 1977 dicens
1587 1937 1644 1977 ‘si
1667 1936 1790 1976 intel-

276 2005 411 2045 lectus
433 2005 488 2046 sit
511 2004 740 2058 multiplex
761 2019 942 2046 numero
964 2012 1007 2047 et
1028 2012 1278 2046 numeratus
1306 2006 1542 2046 secundum
1563 2018 1790 2046 numerum

275 2073 513 2124 hominum,
535 2080 636 2114 tunc
669 2088 734 2114 res
763 2074 980 2115 intellecta
1012 2075 1091 2115 erit
1121 2074 1353 2128 multiplex
1385 2087 1564 2114 numero
1579 2072 1602 2112 '.
1666 2073 1790 2115 Istud

274 2149 339 2182 est
371 2142 580 2193 insanum,
609 2155 687 2183 nec
717 2143 809 2197 ipse
840 2143 896 2183 ibi
929 2142 1118 2184 verificat
1148 2143 1257 2184 hanc
1285 2142 1655 2195 consequenciam.
1718 2142 1792 2182 Ex

276 2211 403 2251 dictis
425 2217 572 2252 tamen
595 2212 683 2252 suis
705 2212 747 2251 in
768 2213 923 2253 eodem
945 2211 1136 2265 capitulo
1158 2219 1201 2253 et
1222 2212 1326 2252 alibi
1349 2211 1590 2252 extrahitur
1612 2211 1792 2252 fantasia
1815 2229 1855 2259 30

278 2293 357 2332 pro
387 2280 468 2320 hac
499 2281 813 2333 consequencia
842 2280 1115 2328 verificanda,
1140 2280 1316 2331 scilicet,
1340 2280 1456 2333 quod
1488 2294 1545 2320 ex
1575 2279 1793 2321 intellectu

278 2354 322 2388 et
343 2346 559 2389 intellecto
581 2348 630 2390 fit
652 2362 784 2389 unum
802 2363 900 2389 vere
922 2355 965 2390 et
986 2349 1126 2390 verius
1144 2362 1273 2401 quam
1298 2362 1355 2389 ex
1379 2348 1559 2389 materia
1581 2354 1624 2389 et
1645 2347 1794 2394 forma,

282 2423 327 2457 et
357 2417 454 2457 ideo
485 2417 520 2456 si
547 2417 788 2458 intellectus
818 2418 873 2458 sit
905 2424 1155 2458 numeratus
1188 2418 1229 2457 in
1260 2417 1521 2466 hominibus,
1548 2423 1652 2457 tunc
1679 2416 1792 2456 idem

284 2485 547 2526 intellectum
569 2499 644 2526 seu
667 2500 731 2527 res
754 2486 973 2527 intellecta
1001 2486 1155 2527 eadem
1183 2485 1482 2526 numerabitur
1511 2498 1609 2525 cum
1639 2485 1794 2525 intelli-

282 2554 397 2605 gitur
418 2568 443 2594 a
465 2554 671 2606 pluribus.
723 2554 801 2596 Set
824 2554 946 2595 multi
973 2554 1268 2608 multipliciter
1288 2559 1523 2607 exponunt,
1541 2553 1719 2606 quidam
1742 2554 1798 2594 de
1819 2572 1856 2604 35

284 2635 327 2661 re
358 2621 575 2663 intellecta
606 2629 648 2663 et
680 2624 856 2676 quidam
880 2625 935 2664 de
956 2623 1097 2676 specie
1117 2623 1176 2663 rei
1199 2622 1314 2675 apud
1337 2621 1539 2663 animam.
1602 2621 1647 2662 Si
1668 2620 1794 2676 ergo!

328 2774 347 2793 2
371 2767 425 2795 De
440 2765 592 2806 Anima]
610 2765 655 2798 iii.
672 2776 754 2797 com.
771 2777 823 2806 30.
