1898 3126
823 155 901 197 277

95 258 282 299 nobilius
310 271 442 310 quam
473 257 630 306 anima,
654 263 697 297 et
725 257 824 297 ideo
852 263 998 310 potest
1024 257 1242 297 mediante
1274 257 1368 298 celo
1410 257 1631 310 cooperari

94 327 239 368 anime
266 325 271 379 Ι
299 326 433 379 ipsius
470 325 754 379 propagantis
787 326 842 365 ad
877 325 958 367 hoc
991 330 1040 365 ut
1081 324 1227 366 anima
1269 325 1537 377 producatur
1577 326 1633 366 de
1653 334 1728 366 80a
1750 344 1779 366 κ,

94 394 297 448 potencia
317 394 507 434 seminis.
573 393 669 434 Hec
690 394 819 446 igitur
846 398 946 434 sunt
967 393 1184 446 generalia
1206 393 1408 434 omnibus
1430 393 1633 434 animatis

93 477 176 516 que
208 476 284 516 per
324 462 691 516 propagacionem
735 468 1010 514 generantur,
1051 461 1258 514 specialia
1298 462 1514 515 patebunt
1558 475 1634 514 per

56 550 72 580 ,ς
93 532 288 572 ordinem
309 545 389 572 suo
410 530 520 571 loco.

154 600 398 641 Dicendum
432 598 560 650 igitur
591 599 707 651 quod
739 599 875 639 virtus
910 598 1149 639 masculina
1181 598 1222 638 in
1256 597 1407 651 planta
1440 597 1632 638 decindit

94 668 256 721 aliquid
280 668 335 709 de
366 667 529 709 semine
560 667 801 707 masculino
830 672 873 706 et
899 667 1066 707 excitat
1094 667 1303 707 virtutem
1335 665 1567 707 femineam
1591 667 1632 705 in

93 737 246 776 eadem
269 736 419 788 planta
442 741 489 775 ut
512 735 717 776 dccindat
734 735 788 775 de
810 736 973 775 semine
995 734 1192 787 femineo,
1203 740 1246 775 et
1263 748 1412 775 semen
1430 734 1632 774 masculi-

92 818 195 845 num
218 804 460 858 ingreditur
485 817 632 844 semen
660 803 893 843 femineum
923 808 966 843 et
991 809 1196 856 operatur
1227 803 1284 843 ibi
1320 809 1466 856 partes
1489 803 1638 856 plante

36 890 72 911 ιο
93 883 216 920 nove,
238 877 281 911 et
313 869 513 923 producit
542 882 614 909 eas
647 868 873 921 paulatim.
938 869 1069 910 Unde
1100 869 1290 922 virgulta
1319 871 1640 923 sic-nascuntur

92 952 148 979 ex
172 939 388 979 radicibus
411 938 615 979 arborum
649 944 693 978 et
716 939 824 978 rami
848 937 947 978 novi
978 938 1277 990 producuntur
1305 944 1352 978 ut
1373 938 1573 978 videmus
1597 939 1638 977 in

92 1007 223 1047 vineis
255 1008 372 1048 omni
405 1019 531 1054 anno,
560 1013 602 1047 et
634 1007 674 1045 in
705 1005 808 1046 aliis„
875 1006 932 1046 Et
965 1006 1069 1046 dicit
1090 1006 1352 1047 Aristoteles
1374 1007 1415 1046 in
1440 1006 1550 1046 libro
1572 1006 1640 1045 De

91 1075 239 1115 Morte
265 1082 307 1115 et
340 1074 444 1115 Vita
475 1076 594 1126 quod
628 1074 669 1114 in
699 1074 849 1127 planta
873 1082 938 1115 est
961 1075 1124 1127 ubique
1146 1075 1187 1114 in
1212 1075 1415 1128 potencia
1445 1076 1572 1115 radix
1595 1081 1639 1115 et

92 1156 284 1197 germen,
306 1156 407 1183 nam
431 1143 593 1195 ubique
615 1148 681 1183 est
703 1149 886 1195 uterque
903 1156 1036 1184 sexus
1058 1144 1098 1182 in
1122 1142 1318 1195 qualibet
1341 1149 1465 1195 parte
1487 1143 1640 1195 plante

35 1230 70 1261 15
92 1219 134 1252 et
166 1224 312 1252 semen
344 1211 580 1263 utriusque.
645 1211 704 1251 Et
727 1211 827 1252 ideo
850 1211 1047 1264 quelibet
1069 1225 1169 1264 pars
1192 1212 1342 1264 plante
1364 1217 1514 1265 potest
1540 1225 1638 1264 pro-

92 1282 248 1321 ducere
281 1280 469 1320 radicem
503 1286 547 1320 et
578 1292 770 1332 germen,
803 1279 846 1319 id
880 1286 959 1330 est,
991 1279 1187 1333 plantam
1220 1279 1349 1321 aliam
1385 1294 1471 1333 que
1506 1281 1639 1322 habet

94 1350 285 1390 radicem
328 1355 371 1389 et
409 1361 566 1402 corpus
609 1347 758 1400 plante
804 1348 1057 1400 germinans
1094 1361 1150 1388 ex
1195 1348 1346 1401 planta
1386 1355 1638 1401 generante.

93 1417 227 1470 Quod
243 1431 345 1457 vero
360 1417 626 1457 Aristoteles
644 1417 747 1457 dicit
766 1416 875 1458 libro
889 1416 957 1457 De
978 1417 1157 1457 Planlz's
1178 1417 1298 1469 quod
1322 1416 1469 1470 aliqua
1492 1416 1640 1469 palma

94 1492 160 1527 est
183 1485 425 1526 masculina
455 1492 497 1525 et
523 1485 608 1525 alia
633 1485 852 1533 feminina,
876 1492 919 1526 et
941 1486 1001 1525 sic
1027 1486 1083 1526 de
1113 1485 1206 1525 aliis
1233 1486 1472 1535 arboribus,
1494 1485 1640 1525 dicen-

35 1572 73 1592 20
92 1556 197 1595 dum
212 1561 278 1596 est
296 1555 414 1607 quod
430 1553 716 1595 masculinum
735 1561 801 1594 est
828 1554 1091 1606 equivocum
1107 1560 1150 1594 et
1174 1553 1410 1595 femineum
1426 1554 1637 1594 similiter.

93 1624 209 1664 Nam
234 1623 521 1664 masculinum
545 1623 727 1663 sumitur
755 1636 834 1676 pro
863 1636 972 1663 sexu
1003 1630 1045 1663 et
1073 1637 1151 1675 pro
1183 1623 1330 1676 aliquo
1352 1623 1480 1662 simili
1513 1622 1638 1663 sexui

92 1691 183 1740 tali,
204 1705 279 1732 seu
303 1705 381 1744 pro
405 1691 480 1731 illo
503 1691 544 1731 in
567 1705 655 1744 quo
687 1691 938 1744 expressius
969 1697 1182 1744 apparent
1211 1691 1500 1744 proprietates
1525 1704 1636 1730 mas-

93 1759 264 1808 culine;
296 1765 339 1800 et
370 1759 567 1800 similiter
599 1759 834 1799 femineum
868 1767 933 1799 est
971 1760 1214 1812 dupliciter,
1236 1760 1479 1800 secundum
1508 1759 1640 1812 igitur

93 1828 210 1881 quod
241 1828 427 1869 sumitur
452 1841 531 1881 pro
561 1841 682 1868 sexu.
767 1826 840 1867 Sic
873 1828 1015 1867 omnis
1044 1827 1194 1879 planta
1227 1833 1293 1867 est
1326 1827 1566 1868 masculina
1594 1834 1635 1868 et

34 1913 71 1942 25
93 1896 290 1937 similiter
324 1896 545 1945 feminina,
580 1896 682 1948 quia
721 1901 955 1947 utrumque
987 1909 1144 1936 sexum
1183 1896 1329 1944 habet,
1370 1901 1413 1935 et
1447 1896 1508 1936 sic
1549 1908 1633 1936 non

92 1966 282 2018 loquitur
314 1965 356 2005 in
388 1965 524 2005 verbo
556 1964 687 2013 dicto,
719 1970 783 2004 set
815 1963 972 2015 accipit
1006 1963 1292 2004 masculinum
1324 1977 1404 2017 pro
1437 1977 1489 2004 eo
1514 1966 1633 2016 quod

93 2034 356 2075 assimilatur
374 2033 513 2087 magis
530 2031 737 2079 masculo,
752 2039 795 2072 et
819 2032 1071 2072 femininum
1095 2033 1214 2085 quod
1238 2032 1395 2072 femine
1416 2033 1469 2073 sit
1493 2032 1629 2073 eciam

95 2103 232 2156 magis
254 2101 406 2142 simile.
470 2101 601 2141 Unde
623 2100 767 2152 aliqua
796 2100 949 2152 planta
979 2099 1111 2140 habet
1134 2101 1425 2154 proprietates
1452 2101 1631 2140 masculi

94 2169 397 2224 exlpressiores
419 2182 550 2221 quam
578 2168 747 2218 femine,
769 2175 812 2209 et
834 2168 906 2208 illa
923 2175 1102 2209 vocatur
1125 2168 1319 2209 mascula
1342 2168 1505 2221 planta,
1529 2168 1631 2220 quia
1651 2182 1693 2212 80
1709 2183 1729 2213 b
1750 2190 1777 2212 ι,

34 2252 74 2281 30
94 2239 234 2292 magis
248 2237 513 2278 assimilatur
531 2236 735 2284 masculo,
753 2243 795 2276 et
809 2236 954 2288 aliqua
968 2236 1101 2277 habet
1119 2236 1407 2289 proprietates
1425 2237 1633 2277 femineas

93 2320 321 2360 expressas
353 2313 398 2346 et
430 2305 501 2346 illa
533 2312 713 2345 vocatur
744 2305 939 2352 feminea,
974 2311 1016 2344 et
1048 2304 1358 2345 nichilominus
1388 2311 1536 2345 tamen
1567 2311 1633 2344 est

94 2382 278 2428 uterque
299 2387 432 2414 sexus
454 2375 496 2413 in
520 2380 703 2425 utraque
726 2372 942 2413 confusus.
1005 2372 1063 2412 Et
1087 2373 1129 2412 in
1152 2371 1303 2425 planta
1325 2379 1534 2424 generata
1556 2385 1633 2425 per

94 2443 463 2497 propagacionem
493 2454 628 2494 agens
657 2447 722 2480 est
755 2440 904 2494 planta
936 2441 1029 2494 ipsa
1052 2454 1151 2481 cum
1175 2447 1344 2482 motore
1365 2440 1446 2481 celi
1470 2440 1544 2492 qui
1566 2447 1632 2480 est

94 2525 228 2565 agens
245 2510 487 2551 universale
503 2510 723 2550 mediante
738 2516 886 2549 tamen
901 2510 994 2550 celo
1012 2515 1056 2550 et
1073 2509 1269 2549 omnium
1287 2508 1458 2548 illorum
1476 2508 1632 2548 instru-

34 2593 71 2623 35
97 2585 292 2620 mentum
315 2585 381 2620 est
395 2591 541 2619 semen
562 2578 711 2631 plante
730 2577 1019 2618 masculinum
1036 2577 1155 2629 quod
1171 2589 1258 2616 non
1277 2582 1422 2617 movet
1440 2575 1633 2616 localiter

96 2662 194 2688 cum
228 2648 282 2688 sit
317 2660 489 2700 corpuS‚
527 2646 605 2685 nisi
644 2645 818 2686 aliunde
856 2652 1094 2694 moveatur,
1129 2651 1172 2685 et
1206 2645 1303 2685 ideo
1335 2658 1411 2698 per
1439 2644 1631 2684 animam

143 2812 247 2841 12-13
272 2804 325 2833 De
344 2804 469 2833 Morte
485 2806 522 2832 et
539 2801 643 2841 Vita]
660 2811 688 2831 c.
710 2810 735 2831 1.
961 2802 1000 2831 18
1025 2803 1079 2831 De
1098 2800 1263 2841 Plantis]
1285 2801 1304 2831 i.
1323 2810 1351 2839 3.
