1898 3126
821 124 899 167 257

101 227 326 280 presentis,
349 227 451 279 quia
474 227 729 280 preteritum
762 230 995 280 respondet
1029 230 1159 281 priori
1183 231 1223 269 in
1247 237 1368 270 motu
1391 237 1433 270 et
1457 232 1623 283 magni-

99 295 260 346 tudine,
275 301 317 335 et
340 294 532 334 futurum
555 297 795 348 posteriori,
813 310 946 349 quare
969 299 1208 337 secundum
1232 298 1341 338 hanc
1356 299 1469 338 viam
1487 300 1622 339 solam

99 363 303 404 excludet
325 377 434 403 unus
457 370 603 405 motus
625 364 771 413 alium,
789 371 831 405 et
855 379 941 405 non
964 379 1111 406 secum
1131 367 1438 419 compacietur,
1453 367 1623 416 scilicet,

97 445 173 484 per
205 432 437 472 decursum
470 446 495 472 a
526 433 732 486 preterito
764 434 804 473 in
837 433 1042 481 futurum,
1074 435 1187 473 unde
1221 440 1364 474 motus
1396 436 1624 488 preteritus

59 524 76 554 5
99 514 172 541 seu
195 501 312 554 prior
330 514 416 541 non
435 500 630 541 excludit
648 502 854 552 futurum,
873 509 1139 555 quapropter
1156 517 1231 556 per
1245 504 1622 555 comparacionem

96 570 152 609 ad
176 583 352 621 presens
374 570 454 609 erit
476 571 617 610 omnis
641 577 785 611 motus
809 571 1079 611 indivisibilis
1100 577 1143 611 et
1165 571 1253 611 sine
1276 572 1556 620 dimensione,
1582 581 1623 612 et

97 651 183 678 non
207 639 368 690 poterit
390 638 523 679 alium
555 640 799 680 excludere.
865 640 985 692 Ergo
1018 640 1104 679 duo
1135 647 1279 680 motus
1308 646 1351 681 et
1382 647 1468 680 tres
1499 648 1541 681 et
1565 642 1624 681 510

95 707 149 746 de
186 706 365 746 infinitis
399 708 562 748 debent
597 708 838 748 necessario
872 707 1000 748 simul
1039 722 1131 748 esse
1165 709 1204 748 in
1234 709 1388 748 eodem
1422 710 1622 762 presenti,

95 782 362 828 quapropter
379 789 463 816 non
486 782 670 829 possunt
691 777 780 817 duo
804 782 948 817 motus
966 777 1032 816 vel
1056 777 1201 829 plures
1219 784 1439 830 presentes
1462 778 1621 818 habere

38 866 76 887 10
95 844 219 896 plura
250 850 451 897 tempora
482 846 717 899 presencia,
749 859 851 899 ergo
887 859 965 885 nec
1003 846 1089 885 duo
1122 845 1227 886 fines
1260 853 1460 886 motuum
1493 848 1616 887 simul

94 913 334 953 existentes
366 920 549 965 possunt
580 914 741 954 habere
772 914 884 954 duos
907 914 1012 954 fines
1035 915 1220 954 duorum
1245 922 1492 969 temporum
1521 914 1526 970 Ι
1554 916 1619 956 vel

94 982 181 1021 duo
206 982 429 1031 instancia,
445 983 608 1023 scilicet
626 983 860 1036 presencia.
904 982 1184 1036 Quapropter
1201 984 1241 1022 in
1261 985 1416 1024 eodem
1434 987 1620 1036 presenti

94 1056 291 1102 tempore
317 1064 498 1091 numero
528 1058 652 1091 erunt
684 1052 909 1103 corrupcio
942 1053 1115 1091 termini
1146 1065 1171 1090 a
1203 1066 1289 1104 quo
1320 1059 1361 1092 et
1394 1054 1620 1105 generacio

92 1119 266 1158 termini
295 1120 350 1159 ad
381 1133 524 1172 quem,
547 1119 708 1159 50111001
743 1120 784 1159 111
815 1120 858 1159 Α
883 1126 1094 1171 tempore,
1119 1127 1160 1159 et
1186 1120 1227 1159 in
1260 1122 1412 1161 eodem
1443 1122 1619 1162 instanti

37 1207 72 1239 15
93 1200 274 1227 numero
323 1195 446 1229 erunt
495 1196 746 1242 corruptum
790 1203 883 1229 esse
926 1188 1115 1228 finaliter
1158 1190 1327 1228 termini
1371 1204 1396 1229 a
1437 1203 1535 1241 quo,
1578 1196 1620 1231 et

91 1263 348 1310 generatum
386 1270 479 1297 esse
522 1256 706 1298 finaliter
747 1257 919 1297 termini
953 1258 1008 1297 ad
1050 1270 1192 1309 quem,
1231 1264 1273 1297 et
1307 1258 1389 1298 hoc
1423 1266 1486 1298 est
1523 1273 1620 1311 pro—

93 1325 296 1378 positum.
343 1326 468 1375 Item,
483 1326 637 1366 eadem
656 1327 777 1366 accio
792 1339 973 1365 numero
989 1326 1123 1366 habet
1140 1326 1324 1366 eandem
1341 1327 1619 1367 duracionem

93 1406 286 1445 numero,
307 1400 372 1434 set
401 1407 612 1447 generans
639 1396 792 1436 eadem
820 1395 992 1435 racione
1023 1402 1065 1434 et
1087 1394 1245 1435 virtute
1264 1395 1462 1448 producit
1488 1409 1618 1434 unum

92 1463 402 1503 contrariorum
425 1470 468 1504 et
490 1464 675 1505 destruit
697 1463 923 1517 reliquum,
943 1477 1025 1503 non
1047 1464 1161 1503 enim
1187 1477 1395 1517 generans
1417 1471 1620 1516 operatur

34 1554 73 1576 20
93 1545 177 1571 una
199 1532 358 1572 virtute
379 1533 492 1572 01103
515 1534 852 1585 produccionem
876 1533 1049 1574 termini
1072 1534 1125 1573 ad
1151 1547 1279 1585 quem
1299 1541 1341 1573 et
1363 1534 1447 1573 alia
1461 1535 1619 1573 virtute

91 1601 202 1641 circa
231 1602 558 1654 corrupcionem
589 1603 761 1643 termini
791 1618 816 1643 a
845 1616 945 1654 quo,
970 1615 1047 1643 1100
1073 1603 1264 1642 diversas
1294 1602 1395 1642 facit
1425 1604 1620 1643 acciones

92 1669 234 1722 simul,
279 1675 322 1710 et
363 1671 460 1711 ideo
496 1671 650 1712 eadem
686 1672 846 1711 virtute
880 1678 923 1711 et
957 1671 1132 1711 accione
1169 1672 1370 1723 producit
1405 1685 1538 1711 unum
1577 1678 1618 1710 et

91 1738 328 1791 corrumpit
360 1739 586 1792 reliquum,
608 1747 651 1781 et
680 1740 779 1780 ideo
808 1740 962 1780 eadem
993 1738 998 1793 Ι
1025 1739 1262 1780 duracione
1291 1753 1481 1786 numero,
1510 1753 1615 1791 qua·
1641 1755 1655 1784 7

91 1812 269 1859 propter
289 1808 513 1860 corrupcio
537 1814 580 1848 et
601 1808 830 1861 generacio
853 1814 954 1848 sunt
970 1807 1010 1846 in
1034 1807 1187 1847 eadem
1211 1807 1459 1848 duracione.
1504 1807 1616 1848 Item

33 1894 70 1924 25
90 1887 176 1915 non
212 1877 452 1928 corrumpit
487 1877 566 1916 nisi
607 1890 682 1930 per
709 1876 907 1917 accidens
948 1876 1050 1927 quia
1095 1889 1267 1928 semper
1303 1875 1489 1915 intendit
1526 1890 1619 1916 esse

91 1943 232 1996 primo
265 1950 308 1984 et
346 1958 422 1996 per
464 1957 522 1994 se,
557 1951 623 1984 set
655 1944 833 1984 duracio
875 1944 1072 1990 accionis,
1104 1943 1268 1983 scilicet
1301 1943 1520 1993 naturalis,
1553 1938 1617 1983 10-

91 2012 279 2065 spondet
308 2026 384 2052 sue
406 2013 655 2062 intencioni,
678 2014 720 2053 id
754 2019 820 2053 est
843 2019 1022 2061 nature3
1058 2026 1162 2065 ergo
1185 2025 1282 2052 cum
1315 2025 1400 2052 non
1432 2013 1618 2053 intendit

90 2094 177 2122 non
211 2094 303 2121 esse
337 2081 417 2120 nisi
450 2088 629 2135 propter
658 2095 763 2129 esse,
794 2088 837 2121 et
869 2095 997 2134 super
1028 2081 1170 2133 ipsum
1201 2095 1293 2120 esse
1315 2081 1455 2120 solum
1485 2081 1619 2120 fertur

90 2150 277 2190 intencio
291 2163 369 2189 sua
387 2150 528 2202 primo
546 2157 590 2190 et
608 2164 684 2203 per
700 2164 759 2199 se,
772 2156 946 2202 tempus
964 2149 1152 2189 accionis
1169 2150 1249 2189 erit
1264 2163 1340 2202 per
1356 2164 1401 2189 se
1418 2162 1618 2189 mensura

30 2236 71 2267 30
90 2218 222 2270 ipsius
244 2231 336 2258 esse
352 2218 625 2270 adquirendi.
678 2217 754 2259 Set
772 2219 806 2258 51
829 2225 971 2258 essent
994 2218 1081 2258 duo
1099 2224 1297 2270 tempora
1320 2231 1499 2270 coequa,
1517 2223 1617 2257 tunc

90 2293 263 2339 tempus
280 2286 511 2327 deberetur
532 2288 673 2340 primo
690 2294 732 2328 et
750 2301 826 2341 per
843 2301 887 2327 se
905 2287 1171 2339 corrupcioni
1190 2287 1301 2326 sicut
1319 2287 1590 2340 generacioni
1608 2299 1615 2335 ;

89 2362 154 2396 set
182 2355 265 2396 hoc
299 2368 392 2395 esse
423 2369 509 2396 non
543 2362 700 2409 potest,
730 2356 840 2396 sicut
870 2369 947 2396 nec
978 2355 1165 2396 intencio
1197 2368 1275 2395 nec
1305 2355 1423 2396 accio
1453 2362 1617 2404 nature,

89 2437 193 2476 ergo
210 2429 384 2476 oportet
402 2425 520 2476 quod
540 2438 672 2464 unum
698 2431 870 2477 tempus
887 2437 1066 2464 numero
1084 2424 1138 2463 sit
1156 2425 1380 2475 utriusque
1397 2430 1462 2464 set
1481 2437 1556 2476 per
1573 2438 1618 2464 se

90 2492 384 2544 generacionis
399 2499 443 2533 et
457 2506 532 2546 per
545 2493 745 2534 accidens
760 2491 1064 2545 corrupcionis.
1105 2492 1164 2531 Et
1178 2492 1261 2531 hoc
1277 2497 1342 2531 est
1355 2505 1517 2531 verum.
1560 2492 1617 2532 Et

132 2592 152 2612 2
176 2581 281 2613 solam
297 2592 362 2613 om.
381 2581 414 2611 F
571 2593 590 2622 5
615 2593 683 2613 non
700 2593 764 2613 om.
785 2582 817 2612 F
928 2581 1090 2622 futurum]
1108 2582 1252 2611 futurum
1269 2591 1328 2611 seu
1348 2581 1571 2620 posteriorem
1592 2582 1625 2611 F

88 2636 109 2664 6
133 2633 224 2674 sine]
241 2633 314 2664 siue
332 2634 365 2663 in
383 2633 416 2663 F
579 2645 616 2664 12
641 2634 769 2664 scilicet
787 2633 962 2673 presencia
979 2644 1043 2664 om.
1060 2633 1093 2662 F
1245 2633 1287 2662 26
1309 2632 1438 2662 scilicet
1455 2633 1618 2663 naturalis

88 2697 155 2717 0112.
181 2685 215 2715 F
378 2695 417 2724 27
450 2686 483 2716 id
510 2691 561 2716 est
591 2691 709 2716 nature
737 2696 801 2716 om.
825 2685 858 2715 F
1037 2694 1079 2723 30
1110 2683 1328 2723 adquirendi]
1356 2683 1555 2722 adquirendi
1583 2688 1617 2714 et

90 2748 151 2777 per
176 2737 333 2769 accidens
362 2748 428 2769 non
456 2747 534 2768 esse
561 2737 737 2768 amittendi
761 2737 830 2766 DF
977 2745 1018 2775 34
1050 2741 1084 2766 et
1113 2745 1174 2775 per
1201 2736 1359 2766 accidens
1383 2735 1617 2775 corrupcionis

87 2800 152 2821 om.
168 2789 211 2819 M

1644 919 1685 947 D.
1704 918 1791 949 6321.
