1877 3131
798 103 874 152 187

70 215 224 257 dicitur
240 213 385 253 locum
410 218 590 262 mutare,
613 212 732 265 quod
755 213 790 252 si
814 213 956 252 celum
979 219 1124 261 staret,
1151 219 1296 266 partes
1318 215 1589 266 quiescerent

71 283 306 325 secundum
335 279 340 333 Ι
368 281 522 330 locum,
551 294 666 334 ergO,
688 280 851 321 habent
874 281 979 330 loca,
1008 289 1073 322 εθῖ
1102 282 1184 322 hoc
1207 295 1293 321 non
1319 290 1384 323 est
1411 283 1588 335 aliquod
1617 295 1655 325 53
1674 296 1692 316 a
1711 295 1738 318 2-

72 364 226 405 corpus
248 349 603 391 circumscribens
625 362 704 389 nec
733 349 892 399 locans,
915 363 1048 402 quare
1075 363 1152 390 nec
1178 349 1436 402 superficies.
1502 352 1594 391 Nec

72 421 285 475 contingit
312 421 466 468 dicere,
491 427 540 461 ut
569 421 693 461 multi
719 421 936 469 dixerunt,
960 422 1078 474 quod
1108 421 1356 474 superficies
1389 422 1592 462 continua

36 507 54 538 5
73 490 213 532 ultimi
243 489 321 530 celi
350 495 521 530 tantum
554 496 701 542 potest
733 489 998 530 considerari
1026 496 1073 530 ut
1105 490 1236 541 locus,
1262 490 1468 543 quoniam
1500 503 1586 530 non

74 564 138 601 est
174 558 312 600 divisa
344 571 370 597 a
406 557 561 610 locato,
599 564 642 598 et
678 564 743 598 est
775 558 976 598 accidens
1007 558 1127 610 ejus;
1168 559 1243 598 sed
1279 558 1398 599 locus
1431 559 1591 599 accidit

73 626 245 677 locanti,
266 626 473 679 quoniam
489 626 665 679 ponitur
681 639 773 666 esse
789 626 1048 667 continentis
1067 625 1281 668 ultimum.
1345 627 1404 666 Et
1427 627 1596 678 iterum,
1633 635 1636 637 ·

74 696 128 737 de
169 693 241 735 illa
287 694 567 735 convexitate
611 694 827 746 contingit
868 708 968 734 vere
1011 695 1166 745 dicere,
1206 695 1324 747 quod
1359 708 1458 746 pars
1503 694 1597 746 ejus

73 763 306 817 aliquando
328 769 392 803 θεῖ
414 763 456 803 in
478 763 655 811 oriente,
677 763 915 815 aliquando
938 764 979 803 in
1002 764 1238 814 occidente,
1265 769 1307 803 et
1330 763 1389 818 sic
1416 763 1469 802 de
1498 762 1592 802 aliis

20 846 58 869 ιο
75 833 240 882 sitibus,
273 839 316 873 et
354 833 414 872 ita
448 838 676 872 moventur
700 833 940 873 secundum
978 833 1133 879 locum,
1172 833 1281 873 sicut
1315 845 1470 884 corpus
1503 831 1597 879 celi,

75 915 206 955 quare
225 900 406 941 habebit
428 900 572 941 locum
596 900 708 941 sicut
730 900 886 941 celum.
951 902 1010 942 Et
1033 902 1093 941 ita
1115 901 1148 941 si
1172 901 1227 941 ad
1252 900 1394 940 locum
1417 906 1594 952 oportet

75 969 177 1023 poni
217 970 454 1022 continens,
496 969 567 1010 illa
608 969 856 1023 superficies
897 984 1094 1011 convexa
1134 970 1315 1010 habebit
1357 970 1595 1015 continens,

78 1045 120 1080 et
155 1045 267 1088 tunc,
297 1038 365 1078 vel
400 1039 493 1091 ipsa
528 1051 574 1078 se
608 1038 864 1091 continebit,
896 1039 963 1080 vel
993 1038 1076 1079 alia
1107 1037 1374 1087 continebit3
1407 1051 1591 1090 quorum

78 1114 304 1160 utrumque
325 1112 390 1148 est
412 1106 690 1160 impossibile.
745 1107 804 1147 Et
827 1108 925 1148 ideo
948 1107 1211 1148 Aristoteles
1234 1107 1293 1156 42⁰
1310 1106 1601 1153 Phisimrnm,

23 1193 59 1223 ¹5
78 1177 181 1217 dicit
194 1184 352 1217 terram
370 1189 463 1217 esse
479 1176 521 1216 in
537 1190 651 1228 aqua
665 1177 777 1217 sicut
795 1177 837 1216 in
852 1176 963 1226 loco,
979 1184 1022 1218 θῖ
1036 1190 1195 1229 aquam
1212 1177 1253 1216 in
1271 1189 1380 1223 aere,
1396 1182 1438 1216 et
1453 1188 1598 1215 aerem

80 1246 121 1285 in
153 1245 261 1297 igne,
285 1251 328 1286 θῖ
359 1245 504 1298 ignem
535 1245 577 1284 in
604 1244 709 1294 celo,
738 1244 879 1285 celum
910 1251 1059 1285 autem
1086 1258 1172 1285 non
1205 1244 1389 1297 amplius
1427 1245 1469 1284 in
1501 1243 1599 1284 alio.

82 1314 262 1368 Propter
292 1314 423 1367 quod,
447 1314 545 1354 dico
575 1314 693 1366 quod
727 1313 845 1354 locus
877 1314 946 1354 hic
978 1327 1065 1354 non
1096 1319 1162 1354 est
1193 1315 1271 1354 nisi
1305 1320 1524 1366 respectus
1547 1312 1601 1352 ad

80 1389 272 1423 centrum
295 1388 338 1422 et
364 1382 573 1422 terminos
595 1382 756 1431 mundi,
781 1382 896 1423 unde
918 1382 1095 1435 quando
1117 1396 1205 1422 una
1226 1382 1350 1422 stella
1372 1388 1436 1422 est
1460 1381 1502 1420 in
1524 1393 1602 1420 ex-

81 1452 298 1492 tremitate
330 1451 441 1491 linee
471 1451 672 1491 exeuntis
694 1452 750 1492 ab
781 1452 948 1492 oriente
974 1464 1111 1503 usque
1138 1451 1180 1490 in
1212 1457 1407 1492 centrum
1438 1449 1602 1497 mundi,

28 1534 65 1557 20
83 1520 237 1561 dicitur
257 1519 417 1560 habere
438 1519 582 1560 locum
614 1519 655 1560 in
686 1521 864 1570 oriente,
888 1527 932 1561 et
960 1521 1136 1572 quando
1169 1525 1234 1560 est
1256 1519 1297 1558 in
1324 1520 1604 1559 extremitate

83 1589 188 1630 linee
210 1589 410 1630 exeuntis
435 1588 491 1629 ab
522 1589 750 1629 occidente
782 1602 919 1641 usque
948 1589 1003 1629 ad
1037 1595 1231 1629 centrum
1262 1588 1426 1637 mundi,
1451 1588 1607 1628 dicitur

84 1657 240 1698 habere
259 1657 405 1698 locum
429 1657 470 1697 in
489 1657 726 1706 occidente,
747 1664 790 1698 et
804 1658 981 1710 quando
997 1664 1062 1697 est
1076 1657 1118 1697 in
1137 1658 1418 1697 extremitate
1431 1657 1607 1697 alterius

85 1726 193 1767 linee
214 1732 329 1766 recte
352 1726 555 1766 exeuntis
582 1740 607 1766 a
629 1733 779 1767 centro
807 1726 968 1775 mundi,
999 1733 1102 1767 tunc
1134 1726 1268 1766 habet
1296 1726 1427 1766 alium
1452 1725 1605 1773 locum,

86 1800 128 1835 et
149 1794 306 1834 dicitur
328 1807 420 1835 esse
438 1794 479 1834 in
502 1793 588 1834 alio
610 1793 717 1844 loco,
738 1795 839 1847 quia
861 1800 925 1835 est
948 1794 990 1833 in
1008 1794 1093 1834 alio
1113 1801 1308 1847 respectu
1328 1795 1382 1834 ad
1398 1794 1607 1833 terminos

29 1873 65 1905 25
86 1863 244 1912 mundi,
268 1863 327 1903 ita
350 1862 468 1915 quod
491 1862 570 1903 hec
593 1863 837 1915 preposicio
860 1863 906 1903 in
930 1875 1016 1903 non
1034 1863 1150 1903 dieat
1173 1861 1475 1902 habitudinem
1499 1874 1602 1900 con-

86 1930 258 1971 tinentis
278 1931 334 1971 ad
357 1937 626 1981 contentum,
649 1938 714 1972 set
742 1931 1045 1972 habitudinem
1069 1943 1153 1982 que
1175 1936 1239 1970 θεῖ
1262 1930 1372 1970 inter
1391 1930 1600 1969 terminos

87 1999 234 2039 mundi
252 1999 575 2049 determinatos,
590 2013 673 2053 que
689 2005 752 2039 est
768 1998 1049 2039 immobilitas
1064 1998 1158 2047 loci,
1175 1999 1227 2038 de
1245 2011 1330 2051 qua
1344 1996 1608 2037 Aristoteles

88 2067 199 2117 dicit,
231 2067 348 2120 quod
378 2067 498 2108 locus
527 2073 592 2108 est
620 2067 623 2120 Ι
655 2067 891 2116 immobile,
922 2068 980 2107 ita
1010 2067 1127 2119 quod
1155 2079 1264 2106 unus
1294 2066 1414 2106 locus
1442 2063 1446 2119 1
1475 2065 1609 2105 habet
1630 2064 1666 2094 F.
1689 2072 1744 2093 101
1764 2063 1785 2094 b
1804 2071 1831 2094 ²·

89 2147 219 2175 unum
257 2142 501 2188 respectum
538 2137 593 2177 ad
631 2136 851 2184 terminos,
887 2142 929 2175 et
971 2134 1093 2187 plura
1131 2134 1227 2175 loca
1261 2133 1424 2174 habent
1462 2134 1606 2186 plures
1627 2124 1669 2155 53
1687 2115 1708 2145 b
1728 2123 1755 2146 Ι·

2 2218 3 2260 l
32 2214 73 2246 30
90 2210 314 2257 respectus.
377 2204 454 2245 Set
475 2218 574 2245 cum
607 2204 763 2245 dicitur
794 2205 909 2257 quod
944 2203 1062 2244 locus
1095 2209 1159 2244 est
1187 2203 1388 2244 ultimum
1416 2202 1608 2255 corporis

133 2348 169 2376 14
192 2339 443 2379 Phisioorum]
463 2339 503 2370 iv.
523 2340 576 2377 46.

3 2408 4 2432 l

3 2437 5 2492 Ι,
133 2467 152 2487 2
174 2458 315 2499 habent]
342 2459 508 2490 haberent
536 2459 568 2490 F
678 2458 758 2498 hoc]
787 2458 841 2487 hic
870 2457 932 2486 Fl)
1099 2468 1116 2494 4
1143 2457 1303 2487 continua
1321 2456 1444 2497 ultimi]
1462 2466 1610 2487 concava

92 2508 245 2539 ultimaF
329 2519 348 2549 5
362 2510 519 2551 tantum]
539 2510 644 2540 ultimi
663 2509 711 2540 F:
732 2520 797 2540 om.
812 2509 845 2538 D
945 2519 960 2547 7
986 2507 1078 2548 esse]
1096 2518 1171 2538 esse
1190 2509 1223 2538 in
1240 2508 1273 2537 F
1351 2517 1389 2538 10
1414 2508 1608 2547 moventur]

3 2582 5 2595 1
91 2565 242 2590 movetur
258 2560 322 2590 FD
421 2561 500 2602 celi]
528 2561 626 2601 primi
653 2561 715 2592 celi
743 2560 777 2590 D
871 2570 903 2590 11
931 2559 975 2599 si]
1003 2564 1054 2589 set
1080 2558 1114 2588 D
1215 2558 1366 2599 oportet]
1395 2563 1549 2598 oporteat
1576 2559 1610 2588 D

2 2609 6 2662 ἶ
95 2620 132 2649 13
155 2611 208 2642 alt.
229 2612 432 2653 continebit]
451 2617 548 2643 extra
564 2612 597 2642 F
725 2621 763 2642 21
792 2611 895 2651 linee]
913 2610 1052 2641 alterius
1067 2610 1155 2640 linee
1173 2615 1264 2640 recte
1281 2610 1314 2639 F
1440 2620 1548 2649 21-23
1571 2610 1612 2640 ab

3 2666 6 2699 l
92 2662 266 2693 occidente
283 2686 289 2694 .
308 2687 316 2695 .
335 2687 342 2695 .
362 2665 521 2695 exeuntis
538 2674 603 2695 om.
622 2663 654 2693 F
753 2674 793 2701 24
813 2668 864 2702 pr.
883 2662 964 2702 alio]
983 2661 1094 2701 aliquo
1111 2661 1143 2691 F
1251 2671 1291 2700 25
1316 2661 1418 2701 dicat]
1437 2662 1561 2692 indicat
1580 2661 1613 2690 l)

92 2715 134 2743 26
156 2714 315 2746 terminos
332 2726 399 2746 om.
418 2715 452 2744 D
541 2716 581 2745 28
606 2714 667 2755 ita]
687 2715 719 2745 id
736 2719 787 2745 est
804 2713 836 2743 F
928 2723 970 2753 29
994 2712 1134 2752 habent]
1153 2712 1297 2743 habeant
1314 2712 1378 2742 FD
1475 2723 1517 2752 30
1540 2722 1612 2743 cor-

93 2764 182 2801 poris
198 2775 262 2796 om.
282 2765 314 2795 F

815 2828 891 2859 02
