1877 3131
815 182 894 225 155

86 285 242 327 dencia
273 285 468 337 partibus
502 290 657 334 motus,
682 292 726 325 et
749 285 946 325 similiter
967 286 1171 327 accidunt
1194 287 1389 339 partibus
1412 288 1619 341 temporis

90 362 133 395 et
171 354 330 407 spacio,
369 366 497 406 super
534 354 653 405 quod
697 361 843 394 motus
885 361 980 405 est;
1025 360 1068 394 et
1112 355 1211 395 ideo
1254 355 1371 395 nulla
1413 356 1620 397 discrecio

89 423 157 463 hic
191 423 445 475 inportatur,
480 422 560 463 nisi
594 422 886 472 accidentalis,
925 429 967 463 et
1009 423 1107 463 talis
1156 424 1199 463 in
1231 425 1381 475 spacio
1413 430 1456 464 et
1499 432 1620 465 motu

90 491 228 544 qualis
250 491 292 530 in
311 497 520 544 tempore.
574 489 651 532 Set
666 504 751 530 non
767 491 952 532 dicimus
967 492 1163 544 spacium
1182 499 1226 533 et
1244 499 1425 542 motum,
1449 500 1625 545 propter

53 561 183 610 5hoc,
221 559 423 612 componi
457 572 513 598 ex
547 559 752 600 continuo
784 566 827 600 et
861 559 1064 609 discreto,
1099 574 1216 612 ergo,
1253 574 1331 601 nec
1373 567 1547 613 tempus
1585 562 1626 601 in

88 627 324 681 proposito.
391 627 514 677 Item,
538 628 572 667 si
593 634 770 679 ternpus
791 633 906 667 esset
933 628 1228 681 compositum
1252 629 1310 669 sic
1339 642 1394 668 ex
1419 630 1625 670 continuo

90 704 131 738 et
165 696 352 736 discreto
379 696 420 735 in
448 696 641 736 essencia
669 709 758 745 sua,
782 702 885 737 tunc
915 709 993 737 nec
1024 703 1136 737 esset
1166 697 1329 750 species
1362 699 1625 751 quantitatis

89 764 292 806 continue
327 777 406 804 nec
438 764 649 811 discrete3
693 771 759 805 set
790 765 932 804 omnis
964 765 1129 818 species
1158 766 1415 817 quantitatis
1447 773 1512 806 est
1543 767 1625 807 sub

89 834 223 875 altera
246 832 444 881 illarum3
475 847 578 887 ergo
606 839 778 887 tempus
808 847 895 874 non
925 840 1037 874 esset
1068 835 1300 886 quantitas.
1366 834 1425 874 Et
1448 842 1626 888 propter

0 927 2 938 .
32 918 71 940 10
89 902 172 942 hoc
194 901 430 942 destruitur
448 901 579 953 juxta
605 901 685 942 hoc
707 901 792 942 alia
816 901 994 951 salsitas,
1027 916 1113 954 qua
1136 902 1297 943 dicitur
1322 904 1440 955 quod
1465 903 1624 952 oracio,

90 984 175 1023 que
196 970 353 1010 dicitur
383 969 440 1010 ab
468 968 711 1010 Aristotele
743 984 836 1010 esse
867 970 1053 1011 discreta
1082 970 1319 1022 quantitas,
1354 978 1419 1011 est
1451 979 1626 1024 tempus

89 1039 157 1078 vcl
190 1037 409 1079 reducitur
439 1039 495 1078 ad
528 1044 703 1091 tempus
736 1051 992 1078 mensurans
1018 1052 1146 1079 voces
1179 1038 1383 1091 prolatas,
1417 1040 1625 1092 quoniam

90 1107 208 1156 dicit,
238 1108 539 1146 ‘mensuratur
574 1107 689 1146 enim
722 1106 877 1148 sillaba
910 1105 1030 1148 brevi
1055 1114 1096 1148 et
1127 1105 1284 1161 longa‚’
1316 1115 1357 1148 et
1391 1122 1477 1148 non
1510 1123 1626 1149 men-

91 1181 261 1216 suratur
311 1175 391 1215 nisi
442 1181 640 1227 tempore
687 1175 805 1215 brevi
858 1181 901 1215 et
953 1175 1112 1228 longo;
1167 1182 1231 1215 set
1281 1176 1363 1216 hoc
1406 1190 1499 1216 esse
1540 1190 1627 1217 non

0 1279 2 1287 ,
33 1265 70 1296 ¹5
91 1250 249 1297 posset,
277 1243 356 1284 nisi
380 1249 552 1296 tempus
581 1243 761 1284 haberet
787 1243 950 1295 aliquid
978 1245 1032 1284 de
1055 1251 1209 1284 natura
1240 1244 1414 1285 discreti
1438 1246 1624 1285 essenci-

90 1313 227 1353 aliter.
292 1310 372 1353 Set
399 1311 491 1364 jam
524 1325 580 1352 ex
617 1310 921 1352 communibus
952 1312 1275 1362 Mathematice,
1309 1313 1380 1353 ubi
1423 1314 1627 1354 distincte

89 1387 189 1421 sunt
212 1380 377 1433 species
397 1380 666 1432 quantitatis,
689 1386 811 1432 patet
833 1381 952 1433 quod
977 1395 1065 1421 vox
1089 1381 1183 1434 ipsa
1205 1388 1269 1421 est
1291 1382 1518 1433 quantitas
1542 1383 1627 1422 dis-

89 1456 217 1499 creta,
243 1448 362 1501 cujus
389 1454 533 1501 partes
559 1462 646 1489 non
680 1448 944 1501 copulantur
976 1450 1032 1489 ad
1065 1463 1345 1489 communem
1379 1451 1626 1499 terminum,

88 1525 151 1559 set
179 1518 221 1558 in
248 1530 293 1557 se
322 1516 506 1557 discrete
536 1523 646 1565 sunt,
671 1523 717 1556 ut
748 1517 891 1558 littere
922 1516 1095 1558 vocales
1127 1524 1170 1558 et
1202 1524 1510 1567 consonantes,
1544 1532 1629 1571 que

0 1612 2 1627 ι
30 1606 71 1628 20
89 1593 189 1627 sunt
217 1584 221 1639 1
249 1585 427 1626 omnino
454 1584 748 1634 indivisibiles,
785 1585 897 1626 sicut
932 1592 975 1626 et
1005 1586 1194 1626 unitates
1224 1586 1266 1626 in
1291 1600 1485 1636 numero,
1511 1587 1629 1627 unde

89 1655 244 1703 oracio,
282 1667 368 1706 que
402 1653 460 1693 ibi
498 1653 718 1706 accipitur,
748 1659 813 1694 est
841 1668 943 1703 voX‚
979 1655 1225 1707 composita
1257 1668 1313 1694 ex
1346 1655 1628 1704 diccionibus‚

88 1737 173 1776 que
195 1730 259 1763 est
281 1722 479 1771 discreta,
503 1721 605 1773 quia
628 1721 846 1762 dicciones
869 1722 1053 1763 discrete
1075 1729 1186 1772 sunt,
1206 1729 1249 1762 et
1273 1723 1488 1764 dicciones
1511 1737 1629 1763 com-

90 1797 312 1845 ponuntur
329 1804 384 1830 ex
403 1789 566 1830 sillabis
584 1790 792 1839 discretis,
812 1797 855 1831 et
872 1790 1026 1831 sillaba
1043 1805 1100 1831 ex
1118 1791 1283 1840 litteris,
1304 1797 1346 1832 et
1366 1791 1464 1832 ideo
1482 1792 1627 1832 oracio

1652 1592 1685 1622 1⁸.
1703 1598 1743 1632 97
1761 1591 1782 1621 b
1803 1600 1828 1621 2.

89 1873 174 1900 non
197 1866 262 1900 est
284 1858 342 1899 ibi
366 1865 540 1911 tempus
568 1857 573 1912 Ι
602 1865 644 1898 et
666 1865 843 1912 propter
864 1858 957 1908 hoc,
982 1872 1069 1898 non
1091 1859 1284 1912 sequitur
1313 1860 1431 1911 quod
1455 1866 1628 1912 tempus
1648 1867 1688 1899 43
1706 1859 1726 1889 b
1746 1868 1772 1891 2·

0 1948 71 1978 .25
91 1929 144 1968 sit
181 1927 429 1968 discretum.
501 1925 579 1967 Set
624 1926 704 1966 hec
744 1927 1087 1979 methaphisicus
1120 1927 1254 1968 habet
1293 1927 1629 1969 habundancius

91 1994 361 2037 confirmare.
414 1994 486 2036 Sic
510 1994 642 2046 igitur
665 2000 798 2047 patet,
815 1995 932 2047 quod
956 2002 1129 2047 tempus
1152 2000 1217 2035 est
1240 2009 1445 2036 numerus
1469 2003 1628 2046 motus,

91 2065 134 2104 id
168 2070 243 2113 est,
274 2069 392 2103 certa
424 2075 626 2102 mensura
657 2068 699 2102 et
732 2062 942 2112 accidens,
967 2064 1108 2116 primo
1141 2070 1184 2104 et
1214 2077 1289 2116 per
1322 2078 1368 2104 se
1399 2071 1556 2115 motus,
1587 2072 1630 2105 et

90 2134 148 2174 sic
179 2133 316 2174 eciam
349 2136 484 2184 patet,
516 2130 620 2181 quid
652 2137 718 2171 est
750 2138 923 2183 tempus
955 2132 1193 2172 secundum
1225 2133 1461 2173 essenciam
1492 2146 1630 2182 suam,

93 2202 135 2241 id
166 2206 244 2252 est,
269 2200 508 2240 secundum
539 2211 676 2251 genus
709 2205 752 2239 et
784 2199 1091 2247 differenciam,
1124 2201 1329 2252 quoniam
1363 2208 1535 2254 tempus
1567 2208 1630 2242 est

0 2297 4 2316 ,
30 2285 73 2317 30
91 2269 311 2322 quantitas
333 2267 540 2308 continua
565 2267 818 2314 successiva,
840 2280 927 2307 non
954 2268 1119 2308 habens
1140 2269 1409 2321 posicionem
1433 2270 1475 2309 in
1499 2271 1630 2322 parti-

91 2339 171 2378 bus
201 2338 299 2385 suis,
323 2349 375 2376 eo
406 2335 524 2388 quod
556 2347 643 2374 non
674 2335 888 2387 contingit
910 2335 1080 2388 signare
1108 2337 1179 2377 ubi
1213 2351 1298 2378 una
1328 2344 1528 2390 ponatur,
1553 2351 1631 2378 nec

89 2405 184 2452 alia,
207 2406 317 2446 sicut
342 2403 601 2444 Aristoteles
623 2403 751 2443 docet
774 2404 816 2442 in
838 2403 1202 2456 medicamentis,
1225 2411 1267 2446 et
1290 2406 1542 2459 expositum
1567 2412 1631 2446 est

92 2475 135 2514 in
176 2471 478 2515 Communibus
508 2471 832 2512 Mathematice.
906 2471 1189 2513 Manifestum
1229 2480 1294 2514 est
1329 2475 1474 2526 igitur,
1511 2475 1630 2526 quod

89 2549 264 2594 tempus
286 2548 348 2582 est
371 2540 568 2580 accidens
595 2545 637 2579 et
660 2552 860 2580 mensura
885 2546 1031 2580 motus
1055 2541 1196 2593 primo
1219 2548 1261 2582 et
1283 2555 1360 2594 per
1383 2555 1436 2582 se.

139 2649 176 2677 13
197 2639 266 2670 Cat.
284 2639 324 2670 vi.
346 2650 376 2676 4.
394 2640 424 2669 6.
443 2649 496 2677 34,
520 2648 570 2677 35.

135 2734 154 2752 2
179 2724 284 2764 quod]
303 2714 402 2763 quem
415 2725 448 2754 F
565 2737 584 2765 4
612 2727 670 2757 Set
689 2726 774 2766 non]
793 2732 894 2766 patet.
945 2727 1021 2758 Non
1039 2728 1074 2758 D
1195 2739 1235 2758 12
1259 2728 1434 2770 quoniam]
1452 2730 1585 2769 quando
1602 2730 1636 2760 F

95 2784 134 2812 13
159 2774 268 2815 brevi]
285 2775 398 2806 brevis
416 2776 514 2808 MSS.
626 2788 664 2817 19
687 2783 719 2808 et
736 2789 801 2809 om.
818 2777 856 2808 M
961 2789 998 2808 21
1025 2779 1156 2820 oracio]
1175 2790 1254 2811 vero
1271 2780 1305 2810 D
1408 2790 1446 2820 31
1474 2781 1628 2822 signare]

90 2835 267 2864 asmgnare
285 2825 318 2856 D

818 2895 901 2926 MP«
