<?xml version="1.0" encoding="UTF-8"?>
<!DOCTYPE html PUBLIC "-//W3C//DTD XHTML 1.0 Transitional//EN"
    "http://www.w3.org/TR/xhtml1/DTD/xhtml1-transitional.dtd">
<html xmlns="http://www.w3.org/1999/xhtml" xml:lang="en" lang="en">
 <head>
  <title>
</title>
<meta http-equiv="Content-Type" content="text/html;charset=utf-8" />
  <meta name='ocr-system' content='tesseract 3.04.00' />
  <meta name='ocr-capabilities' content='ocr_page ocr_carea ocr_par ocr_line ocrx_word'/>
</head>
<body>
  <div class='ocr_page' id='page_1' title='image "./operahactenusine03baco_0136.png"; bbox 0 0 1898 3126; ppageno 0'>
   <div class='ocr_carea' id='block_1_1' title="bbox 112 838 233 869">
    <p class='ocr_par' dir='ltr' id='par_1_1' title="bbox 112 838 233 869">
     <span class='ocr_line' id='line_1_1' title="bbox 112 838 233 869; baseline 0 -10"><span class='ocrx_word' id='word_1_1' title='bbox 112 838 233 869; x_wconf 74' lang='lat'>75:12.</span> 
     </span>
    </p>
   </div>
   <div class='ocr_carea' id='block_1_2' title="bbox 85 1034 234 1074">
    <p class='ocr_par' dir='ltr' id='par_1_2' title="bbox 85 1034 234 1074">
     <span class='ocr_line' id='line_1_2' title="bbox 85 1034 234 1074; baseline 0.013 -12"><span class='ocrx_word' id='word_1_2' title='bbox 85 1035 127 1065; x_wconf 70' lang='grc' dir='ltr'>Τ).</span> <span class='ocrx_word' id='word_1_3' title='bbox 146 1034 187 1074; x_wconf 76' lang='grc'>69</span> <span class='ocrx_word' id='word_1_4' title='bbox 206 1045 234 1064; x_wconf 81' lang='lat' dir='ltr'>a.</span> 
     </span>
    </p>
   </div>
   <div class='ocr_carea' id='block_1_3' title="bbox 977 94 1059 135">
    <p class='ocr_par' dir='ltr' id='par_1_3' title="bbox 977 94 1059 135">
     <span class='ocr_line' id='line_1_3' title="bbox 977 94 1059 135; baseline 0.024 -2"><span class='ocrx_word' id='word_1_5' title='bbox 977 94 1059 135; x_wconf 88' lang='lat'>260</span> 
     </span>
    </p>
   </div>
   <div class='ocr_carea' id='block_1_4' title="bbox 248 208 1779 332">
    <p class='ocr_par' dir='ltr' id='par_1_4' title="bbox 248 208 1779 332">
     <span class='ocr_line' id='line_1_4' title="bbox 248 208 1779 262; baseline 0.001 -14"><span class='ocrx_word' id='word_1_6' title='bbox 248 223 393 262; x_wconf 86' lang='lat' dir='ltr'>quem,</span> <span class='ocrx_word' id='word_1_7' title='bbox 416 210 473 248; x_wconf 82' lang='lat' dir='ltr'>sic</span> <span class='ocrx_word' id='word_1_8' title='bbox 507 208 672 248; x_wconf 89' lang='lat' dir='ltr'>nullum</span> <span class='ocrx_word' id='word_1_9' title='bbox 709 209 910 248; x_wconf 85' lang='lat' dir='ltr'>ultimum</span> <span class='ocrx_word' id='word_1_10' title='bbox 945 222 1020 261; x_wconf 90' lang='lat' dir='ltr'>per</span> <span class='ocrx_word' id='word_1_11' title='bbox 1060 209 1239 249; x_wconf 86' lang='lat' dir='ltr'>modum</span> <span class='ocrx_word' id='word_1_12' title='bbox 1273 210 1579 250; x_wconf 86' lang='lat' dir='ltr'>affirmacionis</span> <span class='ocrx_word' id='word_1_13' title='bbox 1612 211 1654 250; x_wconf 92' lang='lat' dir='ltr'>in</span> <span class='ocrx_word' id='word_1_14' title='bbox 1687 224 1779 251; x_wconf 86' lang='lat' dir='ltr'>esse</span> 
     </span>
     <span class='ocr_line' id='line_1_5' title="bbox 251 277 1779 332; baseline 0.001 -14"><span class='ocrx_word' id='word_1_15' title='bbox 251 277 425 318; x_wconf 78' lang='lat' dir='ltr'>termini</span> <span class='ocrx_word' id='word_1_16' title='bbox 448 291 472 317; x_wconf 92' lang='lat' dir='ltr'>a</span> <span class='ocrx_word' id='word_1_17' title='bbox 496 291 583 329; x_wconf 93' lang='lat' dir='ltr'>quo</span> <span class='ocrx_word' id='word_1_18' title='bbox 606 284 751 330; x_wconf 89' lang='lat' dir='ltr'>potest</span> <span class='ocrx_word' id='word_1_19' title='bbox 769 278 948 318; x_wconf 89' lang='lat' dir='ltr'>inveniri</span> <span class='ocrx_word' id='word_1_20' title='bbox 972 277 1197 318; x_wconf 73' lang='lat' dir='ltr'>consimile</span> <span class='ocrx_word' id='word_1_21' title='bbox 1219 284 1263 318; x_wconf 87' lang='lat' dir='ltr'>et</span> <span class='ocrx_word' id='word_1_22' title='bbox 1285 278 1616 332; x_wconf 89' lang='lat' dir='ltr'>proporcionale</span> <span class='ocrx_word' id='word_1_23' title='bbox 1638 280 1779 332; x_wconf 90' lang='lat' dir='ltr'>primo</span> 
     </span>
    </p>
   </div>
   <div class='ocr_carea' id='block_1_5' title="bbox 252 346 1783 465">
    <p class='ocr_par' dir='ltr' id='par_1_5' title="bbox 252 346 1783 465">
     <span class='ocr_line' id='line_1_6' title="bbox 254 346 1779 400; baseline 0.002 -15"><span class='ocrx_word' id='word_1_24' title='bbox 254 347 296 386; x_wconf 88' lang='lat' dir='ltr'>in</span> <span class='ocrx_word' id='word_1_25' title='bbox 328 359 421 386; x_wconf 90' lang='lat' dir='ltr'>esse</span> <span class='ocrx_word' id='word_1_26' title='bbox 452 346 624 386; x_wconf 80' lang='lat' dir='ltr'>termini</span> <span class='ocrx_word' id='word_1_27' title='bbox 659 348 712 386; x_wconf 92' lang='lat' dir='ltr'>ad</span> <span class='ocrx_word' id='word_1_28' title='bbox 751 359 894 398; x_wconf 88' lang='lat' dir='ltr'>quem,</span> <span class='ocrx_word' id='word_1_29' title='bbox 928 347 1136 398; x_wconf 88' lang='lat' dir='ltr'>quoniam</span> <span class='ocrx_word' id='word_1_30' title='bbox 1174 360 1268 387; x_wconf 83' lang='lat' dir='ltr'>esse</span> <span class='ocrx_word' id='word_1_31' title='bbox 1301 348 1474 387; x_wconf 85' lang='lat' dir='ltr'>termini</span> <span class='ocrx_word' id='word_1_32' title='bbox 1512 361 1536 387; x_wconf 89' lang='lat' dir='ltr'>a</span> <span class='ocrx_word' id='word_1_33' title='bbox 1571 361 1658 400; x_wconf 92' lang='lat' dir='ltr'>quo</span> <span class='ocrx_word' id='word_1_34' title='bbox 1693 361 1779 388; x_wconf 90' lang='lat' dir='ltr'>non</span> 
     </span>
     <span class='ocr_line' id='line_1_7' title="bbox 252 411 1783 465; baseline 0.001 -13"><span class='ocrx_word' id='word_1_35' title='bbox 252 412 373 452; x_wconf 89' lang='lat' dir='ltr'>vadit</span> <span class='ocrx_word' id='word_1_36' title='bbox 406 412 448 452; x_wconf 91' lang='lat' dir='ltr'>in</span> <span class='ocrx_word' id='word_1_37' title='bbox 484 412 798 465; x_wconf 89' lang='lat' dir='ltr'>perfeccionem</span> <span class='ocrx_word' id='word_1_38' title='bbox 834 419 876 453; x_wconf 91' lang='lat' dir='ltr'>et</span> <span class='ocrx_word' id='word_1_39' title='bbox 911 411 1282 464; x_wconf 78' lang='lat' dir='ltr'>complementum</span> <span class='ocrx_word' id='word_1_40' title='bbox 1325 414 1508 463; x_wconf 85' lang='lat' dir='ltr'>essendi,</span> <span class='ocrx_word' id='word_1_41' title='bbox 1541 413 1653 454; x_wconf 90' lang='lat' dir='ltr'>sicut</span> <span class='ocrx_word' id='word_1_42' title='bbox 1689 427 1783 454; x_wconf 90' lang='lat' dir='ltr'>esse</span> 
     </span>
    </p>
   </div>
   <div class='ocr_carea' id='block_1_6' title="bbox 251 480 1790 1496">
    <p class='ocr_par' dir='ltr' id='par_1_6' title="bbox 251 480 1790 1496">
     <span class='ocr_line' id='line_1_8' title="bbox 253 480 1782 535; baseline 0.001 -15"><span class='ocrx_word' id='word_1_43' title='bbox 253 480 424 521; x_wconf 83' lang='lat' dir='ltr'>termini</span> <span class='ocrx_word' id='word_1_44' title='bbox 447 482 502 521; x_wconf 89' lang='lat' dir='ltr'>ad</span> <span class='ocrx_word' id='word_1_45' title='bbox 536 494 679 533; x_wconf 87' lang='lat' dir='ltr'>quem,</span> <span class='ocrx_word' id='word_1_46' title='bbox 703 481 778 520; x_wconf 94' lang='lat' dir='ltr'>sed</span> <span class='ocrx_word' id='word_1_47' title='bbox 810 481 932 521; x_wconf 87' lang='lat' dir='ltr'>vadit</span> <span class='ocrx_word' id='word_1_48' title='bbox 966 481 1006 520; x_wconf 92' lang='lat' dir='ltr'>in</span> <span class='ocrx_word' id='word_1_49' title='bbox 1037 480 1278 521; x_wconf 84' lang='lat' dir='ltr'>deficiendo</span> <span class='ocrx_word' id='word_1_50' title='bbox 1305 482 1507 522; x_wconf 82' lang='lat' dir='ltr'>continue</span> <span class='ocrx_word' id='word_1_51' title='bbox 1534 495 1671 535; x_wconf 90' lang='lat' dir='ltr'>usque</span> <span class='ocrx_word' id='word_1_52' title='bbox 1693 495 1782 534; x_wconf 92' lang='lat' dir='ltr'>quo</span> 
     </span>
     <span class='ocr_line' id='line_1_9' title="bbox 251 548 1782 603; baseline 0.001 -14"><span class='ocrx_word' id='word_1_53' title='bbox 251 549 445 590; x_wconf 86' lang='lat' dir='ltr'>totaliter</span> <span class='ocrx_word' id='word_1_54' title='bbox 467 548 655 598; x_wconf 82' lang='lat' dir='ltr'>deficiat,</span> <span class='ocrx_word' id='word_1_55' title='bbox 678 556 720 589; x_wconf 91' lang='lat' dir='ltr'>et</span> <span class='ocrx_word' id='word_1_56' title='bbox 745 549 843 588; x_wconf 91' lang='lat' dir='ltr'>ideo</span> <span class='ocrx_word' id='word_1_57' title='bbox 867 549 1033 589; x_wconf 87' lang='lat' dir='ltr'>nullum</span> <span class='ocrx_word' id='word_1_58' title='bbox 1053 549 1256 590; x_wconf 89' lang='lat' dir='ltr'>ultimum</span> <span class='ocrx_word' id='word_1_59' title='bbox 1280 550 1321 590; x_wconf 92' lang='lat' dir='ltr'>in</span> <span class='ocrx_word' id='word_1_60' title='bbox 1344 564 1439 591; x_wconf 86' lang='lat' dir='ltr'>esse</span> <span class='ocrx_word' id='word_1_61' title='bbox 1455 551 1629 591; x_wconf 87' lang='lat' dir='ltr'>termini</span> <span class='ocrx_word' id='word_1_62' title='bbox 1645 565 1671 592; x_wconf 92' lang='lat' dir='ltr'>a</span> <span class='ocrx_word' id='word_1_63' title='bbox 1694 564 1782 603; x_wconf 89' lang='lat' dir='ltr'>quo</span> 
     </span>
     <span class='ocr_line' id='line_1_10' title="bbox 251 618 1784 672; baseline 0.001 -14"><span class='ocrx_word' id='word_1_64' title='bbox 251 624 350 672; x_wconf 84' lang='lat' dir='ltr'>post</span> <span class='ocrx_word' id='word_1_65' title='bbox 376 619 706 671; x_wconf 89' lang='lat' dir='ltr'>corrupcionem</span> <span class='ocrx_word' id='word_1_66' title='bbox 733 632 818 670; x_wconf 86' lang='lat' dir='ltr'>que</span> <span class='ocrx_word' id='word_1_67' title='bbox 842 624 986 658; x_wconf 85' lang='lat' dir='ltr'>motus</span> <span class='ocrx_word' id='word_1_68' title='bbox 1009 624 1075 658; x_wconf 90' lang='lat' dir='ltr'>est</span> <span class='ocrx_word' id='word_1_69' title='bbox 1103 624 1249 670; x_wconf 89' lang='lat' dir='ltr'>potest</span> <span class='ocrx_word' id='word_1_70' title='bbox 1273 620 1458 672; x_wconf 91' lang='lat' dir='ltr'>reperiri.</span> <span class='ocrx_word' id='word_1_71' title='bbox 1538 618 1615 660; x_wconf 86' lang='lat' dir='ltr'>Set</span> <span class='ocrx_word' id='word_1_72' title='bbox 1646 620 1784 672; x_wconf 82' lang='lat' dir='ltr'>magis</span> 
     </span>
     <span class='ocr_line' id='line_1_11' title="bbox 251 684 1786 738; baseline 0.001 -15"><span class='ocrx_word' id='word_1_73' title='bbox 251 684 452 724; x_wconf 89' lang='lat' dir='ltr'>ultimum</span> <span class='ocrx_word' id='word_1_74' title='bbox 476 684 517 723; x_wconf 90' lang='lat' dir='ltr'>in</span> <span class='ocrx_word' id='word_1_75' title='bbox 542 697 626 723; x_wconf 91' lang='lat' dir='ltr'>non</span> <span class='ocrx_word' id='word_1_76' title='bbox 651 697 744 724; x_wconf 82' lang='lat' dir='ltr'>esse</span> <span class='ocrx_word' id='word_1_77' title='bbox 767 685 821 723; x_wconf 87' lang='lat' dir='ltr'>ad</span> <span class='ocrx_word' id='word_1_78' title='bbox 851 684 968 736; x_wconf 90' lang='lat' dir='ltr'>quod</span> <span class='ocrx_word' id='word_1_79' title='bbox 993 684 1251 724; x_wconf 88' lang='lat' dir='ltr'>terminatur</span> <span class='ocrx_word' id='word_1_80' title='bbox 1277 686 1502 738; x_wconf 89' lang='lat' dir='ltr'>corrupcio</span> <span class='ocrx_word' id='word_1_81' title='bbox 1529 686 1786 736; x_wconf 87' lang='lat' dir='ltr'>successiva,</span> 
     </span>
     <span class='ocr_line' id='line_1_12' title="bbox 252 752 1784 807; baseline 0.003 -16"><span class='ocrx_word' id='word_1_82' title='bbox 252 754 367 793; x_wconf 88' lang='lat' dir='ltr'>unde</span> <span class='ocrx_word' id='word_1_83' title='bbox 405 766 461 791; x_wconf 81' lang='lat' dir='ltr'>ex</span> <span class='ocrx_word' id='word_1_84' title='bbox 498 752 578 792; x_wconf 87' lang='lat' dir='ltr'>hac</span> <span class='ocrx_word' id='word_1_85' title='bbox 616 760 740 804; x_wconf 91' lang='lat' dir='ltr'>parte</span> <span class='ocrx_word' id='word_1_86' title='bbox 766 753 897 792; x_wconf 90' lang='lat' dir='ltr'>debet</span> <span class='ocrx_word' id='word_1_87' title='bbox 935 766 1021 793; x_wconf 91' lang='lat' dir='ltr'>non</span> <span class='ocrx_word' id='word_1_88' title='bbox 1051 766 1145 793; x_wconf 85' lang='lat' dir='ltr'>esse</span> <span class='ocrx_word' id='word_1_89' title='bbox 1173 754 1306 807; x_wconf 89' lang='lat' dir='ltr'>ipsius</span> <span class='ocrx_word' id='word_1_90' title='bbox 1337 755 1511 795; x_wconf 87' lang='lat' dir='ltr'>termini</span> <span class='ocrx_word' id='word_1_91' title='bbox 1540 769 1565 794; x_wconf 92' lang='lat' dir='ltr'>a</span> <span class='ocrx_word' id='word_1_92' title='bbox 1596 769 1684 807; x_wconf 91' lang='lat' dir='ltr'>quo</span> <span class='ocrx_word' id='word_1_93' title='bbox 1715 768 1784 795; x_wconf 86' lang='lat' dir='ltr'>as—</span> 
     </span>
     <span class='ocr_line' id='line_1_13' title="bbox 256 821 1784 878; baseline 0.002 -17"><span class='ocrx_word' id='word_1_94' title='bbox 256 821 431 861; x_wconf 76' lang='lat' dir='ltr'>similari</span> <span class='ocrx_word' id='word_1_95' title='bbox 455 835 548 861; x_wconf 89' lang='lat' dir='ltr'>esse</span> <span class='ocrx_word' id='word_1_96' title='bbox 571 821 743 861; x_wconf 84' lang='lat' dir='ltr'>termini</span> <span class='ocrx_word' id='word_1_97' title='bbox 767 822 823 862; x_wconf 93' lang='lat' dir='ltr'>ad</span> <span class='ocrx_word' id='word_1_98' title='bbox 846 822 1104 874; x_wconf 88' lang='lat' dir='ltr'>quem‚quia</span> <span class='ocrx_word' id='word_1_99' title='bbox 1118 822 1229 863; x_wconf 86' lang='lat' dir='ltr'>sicut</span> <span class='ocrx_word' id='word_1_100' title='bbox 1250 824 1478 876; x_wconf 82' lang='lat' dir='ltr'>generacio</span> <span class='ocrx_word' id='word_1_101' title='bbox 1496 823 1667 864; x_wconf 84' lang='lat' dir='ltr'>termini</span> <span class='ocrx_word' id='word_1_102' title='bbox 1699 822 1703 878; x_wconf 87' lang='grc' dir='ltr'>Ι</span> <span class='ocrx_word' id='word_1_103' title='bbox 1729 824 1784 864; x_wconf 90' lang='lat' dir='ltr'>ad</span> 
     </span>
     <span class='ocr_line' id='line_1_14' title="bbox 257 890 1784 944; baseline 0.001 -14"><span class='ocrx_word' id='word_1_104' title='bbox 257 904 384 942; x_wconf 91' lang='lat' dir='ltr'>quem</span> <span class='ocrx_word' id='word_1_105' title='bbox 418 890 550 929; x_wconf 88' lang='lat' dir='ltr'>currit</span> <span class='ocrx_word' id='word_1_106' title='bbox 582 903 713 943; x_wconf 89' lang='lat' dir='ltr'>super</span> <span class='ocrx_word' id='word_1_107' title='bbox 745 904 839 930; x_wconf 89' lang='lat' dir='ltr'>esse</span> <span class='ocrx_word' id='word_1_108' title='bbox 871 891 974 944; x_wconf 84' lang='lat' dir='ltr'>ejus,</span> <span class='ocrx_word' id='word_1_109' title='bbox 1005 891 1065 931; x_wconf 87' lang='lat' dir='ltr'>sic</span> <span class='ocrx_word' id='word_1_110' title='bbox 1098 892 1325 944; x_wconf 90' lang='lat' dir='ltr'>corrupcio</span> <span class='ocrx_word' id='word_1_111' title='bbox 1348 905 1432 944; x_wconf 91' lang='lat' dir='ltr'>que</span> <span class='ocrx_word' id='word_1_112' title='bbox 1458 892 1526 933; x_wconf 93' lang='lat' dir='ltr'>hic</span> <span class='ocrx_word' id='word_1_113' title='bbox 1553 892 1682 933; x_wconf 91' lang='lat' dir='ltr'>simul</span> <span class='ocrx_word' id='word_1_114' title='bbox 1704 898 1784 941; x_wconf 86' lang='lat' dir='ltr'>est,</span> 
     </span>
     <span class='ocr_line' id='line_1_15' title="bbox 257 959 1786 1013; baseline 0.002 -14"><span class='ocrx_word' id='word_1_115' title='bbox 257 959 387 999; x_wconf 89' lang='lat' dir='ltr'>currit</span> <span class='ocrx_word' id='word_1_116' title='bbox 417 972 546 1012; x_wconf 86' lang='lat' dir='ltr'>super</span> <span class='ocrx_word' id='word_1_117' title='bbox 575 972 660 998; x_wconf 91' lang='lat' dir='ltr'>non</span> <span class='ocrx_word' id='word_1_118' title='bbox 685 973 778 999; x_wconf 83' lang='lat' dir='ltr'>esse</span> <span class='ocrx_word' id='word_1_119' title='bbox 810 959 981 1000; x_wconf 90' lang='lat' dir='ltr'>termini</span> <span class='ocrx_word' id='word_1_120' title='bbox 1003 974 1028 1000; x_wconf 90' lang='lat' dir='ltr'>a</span> <span class='ocrx_word' id='word_1_121' title='bbox 1057 974 1155 1013; x_wconf 88' lang='lat' dir='ltr'>quo.</span> <span class='ocrx_word' id='word_1_122' title='bbox 1211 961 1270 1001; x_wconf 87' lang='lat' dir='ltr'>Et</span> <span class='ocrx_word' id='word_1_123' title='bbox 1294 962 1393 1002; x_wconf 93' lang='lat' dir='ltr'>ideo</span> <span class='ocrx_word' id='word_1_124' title='bbox 1415 961 1548 1002; x_wconf 91' lang='lat' dir='ltr'>debet</span> <span class='ocrx_word' id='word_1_125' title='bbox 1575 961 1644 1001; x_wconf 92' lang='lat' dir='ltr'>hic</span> <span class='ocrx_word' id='word_1_126' title='bbox 1666 974 1786 1002; x_wconf 91' lang='lat' dir='ltr'>com—</span> 
     </span>
     <span class='ocr_line' id='line_1_16' title="bbox 257 1028 1787 1083; baseline 0.001 -15"><span class='ocrx_word' id='word_1_127' title='bbox 257 1028 397 1080; x_wconf 86' lang='lat' dir='ltr'>parari</span> <span class='ocrx_word' id='word_1_128' title='bbox 420 1041 507 1067; x_wconf 91' lang='lat' dir='ltr'>non</span> <span class='ocrx_word' id='word_1_129' title='bbox 532 1042 624 1068; x_wconf 89' lang='grc'>6336</span> <span class='ocrx_word' id='word_1_130' title='bbox 641 1029 812 1068; x_wconf 85' lang='lat' dir='ltr'>termini</span> <span class='ocrx_word' id='word_1_131' title='bbox 835 1042 859 1068; x_wconf 92' lang='lat' dir='ltr'>a</span> <span class='ocrx_word' id='word_1_132' title='bbox 882 1042 969 1081; x_wconf 88' lang='lat' dir='ltr'>quo</span> <span class='ocrx_word' id='word_1_133' title='bbox 991 1029 1046 1069; x_wconf 88' lang='lat' dir='ltr'>ad</span> <span class='ocrx_word' id='word_1_134' title='bbox 1070 1043 1163 1070; x_wconf 89' lang='lat' dir='ltr'>esse</span> <span class='ocrx_word' id='word_1_135' title='bbox 1194 1030 1369 1070; x_wconf 89' lang='lat' dir='ltr'>termini</span> <span class='ocrx_word' id='word_1_136' title='bbox 1396 1028 1401 1083; x_wconf 91' lang='grc' dir='ltr'>Ι</span> <span class='ocrx_word' id='word_1_137' title='bbox 1431 1030 1487 1070; x_wconf 90' lang='lat' dir='ltr'>ad</span> <span class='ocrx_word' id='word_1_138' title='bbox 1519 1043 1663 1083; x_wconf 87' lang='lat' dir='ltr'>quem,</span> <span class='ocrx_word' id='word_1_139' title='bbox 1685 1030 1787 1082; x_wconf 90' lang='lat' dir='ltr'>quia</span> 
     </span>
     <span class='ocr_line' id='line_1_17' title="bbox 257 1098 1786 1152; baseline 0.001 -16"><span class='ocrx_word' id='word_1_140' title='bbox 257 1103 411 1138; x_wconf 90' lang='lat' dir='ltr'>natura</span> <span class='ocrx_word' id='word_1_141' title='bbox 428 1098 615 1138; x_wconf 86' lang='lat' dir='ltr'>intendit</span> <span class='ocrx_word' id='word_1_142' title='bbox 634 1098 702 1138; x_wconf 92' lang='lat' dir='ltr'>hic</span> <span class='ocrx_word' id='word_1_143' title='bbox 720 1112 796 1150; x_wconf 88' lang='lat' dir='ltr'>per</span> <span class='ocrx_word' id='word_1_144' title='bbox 810 1099 1138 1152; x_wconf 85' lang='lat' dir='ltr'>corrupcionem</span> <span class='ocrx_word' id='word_1_145' title='bbox 1158 1100 1386 1152; x_wconf 84' lang='lat' dir='ltr'>adquirere</span> <span class='ocrx_word' id='word_1_146' title='bbox 1401 1113 1489 1140; x_wconf 89' lang='lat' dir='ltr'>non</span> <span class='ocrx_word' id='word_1_147' title='bbox 1507 1114 1600 1140; x_wconf 91' lang='lat' dir='ltr'>esse</span> <span class='ocrx_word' id='word_1_148' title='bbox 1615 1099 1786 1140; x_wconf 87' lang='lat' dir='ltr'>termini</span> 
     </span>
     <span class='ocr_line' id='line_1_18' title="bbox 257 1167 1788 1221; baseline 0.002 -15"><span class='ocrx_word' id='word_1_149' title='bbox 257 1182 281 1207; x_wconf 87' lang='lat' dir='ltr'>a</span> <span class='ocrx_word' id='word_1_150' title='bbox 304 1180 403 1219; x_wconf 78' lang='lat' dir='ltr'>quo,</span> <span class='ocrx_word' id='word_1_151' title='bbox 425 1167 533 1207; x_wconf 90' lang='lat' dir='ltr'>sicut</span> <span class='ocrx_word' id='word_1_152' title='bbox 559 1181 635 1219; x_wconf 88' lang='lat' dir='ltr'>per</span> <span class='ocrx_word' id='word_1_153' title='bbox 656 1167 988 1219; x_wconf 79' lang='lat' dir='ltr'>generacionem</span> <span class='ocrx_word' id='word_1_154' title='bbox 1003 1168 1231 1221; x_wconf 80' lang='lat' dir='ltr'>adquirere</span> <span class='ocrx_word' id='word_1_155' title='bbox 1253 1183 1347 1209; x_wconf 89' lang='lat' dir='ltr'>esse</span> <span class='ocrx_word' id='word_1_156' title='bbox 1369 1169 1543 1210; x_wconf 87' lang='lat' dir='ltr'>termini</span> <span class='ocrx_word' id='word_1_157' title='bbox 1566 1170 1621 1209; x_wconf 89' lang='lat' dir='ltr'>ad</span> <span class='ocrx_word' id='word_1_158' title='bbox 1645 1182 1788 1221; x_wconf 80' lang='lat' dir='ltr'>quem.</span> 
     </span>
     <span class='ocr_line' id='line_1_19' title="bbox 260 1235 1787 1290; baseline 0.001 -16"><span class='ocrx_word' id='word_1_159' title='bbox 260 1236 317 1275; x_wconf 90' lang='lat' dir='ltr'>Et</span> <span class='ocrx_word' id='word_1_160' title='bbox 351 1236 392 1274; x_wconf 90' lang='lat' dir='ltr'>in</span> <span class='ocrx_word' id='word_1_161' title='bbox 426 1235 508 1275; x_wconf 91' lang='lat' dir='ltr'>hoc</span> <span class='ocrx_word' id='word_1_162' title='bbox 540 1248 627 1275; x_wconf 91' lang='lat' dir='ltr'>non</span> <span class='ocrx_word' id='word_1_163' title='bbox 659 1249 751 1276; x_wconf 87' lang='lat' dir='ltr'>esse</span> <span class='ocrx_word' id='word_1_164' title='bbox 780 1237 1052 1277; x_wconf 79' lang='lat' dir='ltr'>inveniemus</span> <span class='ocrx_word' id='word_1_165' title='bbox 1086 1238 1171 1277; x_wconf 92' lang='lat' dir='ltr'>duo</span> <span class='ocrx_word' id='word_1_166' title='bbox 1198 1251 1283 1290; x_wconf 92' lang='lat' dir='ltr'>que</span> <span class='ocrx_word' id='word_1_167' title='bbox 1315 1239 1581 1290; x_wconf 90' lang='lat' dir='ltr'>respondent</span> <span class='ocrx_word' id='word_1_168' title='bbox 1614 1238 1787 1277; x_wconf 90' lang='lat' dir='ltr'>duobus</span> 
     </span>
     <span class='ocr_line' id='line_1_20' title="bbox 257 1304 1788 1360; baseline 0.002 -17"><span class='ocrx_word' id='word_1_169' title='bbox 257 1318 282 1343; x_wconf 86' lang='lat' dir='ltr'>a</span> <span class='ocrx_word' id='word_1_170' title='bbox 304 1311 428 1356; x_wconf 87' lang='lat' dir='ltr'>parte</span> <span class='ocrx_word' id='word_1_171' title='bbox 449 1317 541 1344; x_wconf 87' lang='lat' dir='ltr'>esse</span> <span class='ocrx_word' id='word_1_172' title='bbox 561 1304 737 1343; x_wconf 89' lang='lat' dir='ltr'>termini</span> <span class='ocrx_word' id='word_1_173' title='bbox 760 1306 815 1344; x_wconf 94' lang='lat' dir='ltr'>ad</span> <span class='ocrx_word' id='word_1_174' title='bbox 846 1318 991 1357; x_wconf 90' lang='lat' dir='ltr'>quem.</span> <span class='ocrx_word' id='word_1_175' title='bbox 1066 1305 1183 1359; x_wconf 77' lang='lat' dir='ltr'>Quia</span> <span class='ocrx_word' id='word_1_176' title='bbox 1205 1307 1382 1359; x_wconf 84' lang='lat' dir='ltr'>quando</span> <span class='ocrx_word' id='word_1_177' title='bbox 1408 1306 1549 1360; x_wconf 89' lang='lat' dir='ltr'>primo</span> <span class='ocrx_word' id='word_1_178' title='bbox 1573 1306 1788 1347; x_wconf 88' lang='lat' dir='ltr'>inducitur</span> 
     </span>
     <span class='ocr_line' id='line_1_21' title="bbox 260 1372 1790 1427; baseline 0.002 -16"><span class='ocrx_word' id='word_1_179' title='bbox 260 1372 423 1425; x_wconf 87' lang='lat' dir='ltr'>aliquid</span> <span class='ocrx_word' id='word_1_180' title='bbox 447 1373 501 1412; x_wconf 89' lang='lat' dir='ltr'>de</span> <span class='ocrx_word' id='word_1_181' title='bbox 524 1386 616 1413; x_wconf 90' lang='lat' dir='ltr'>esse</span> <span class='ocrx_word' id='word_1_182' title='bbox 638 1373 813 1412; x_wconf 91' lang='lat' dir='ltr'>termini</span> <span class='ocrx_word' id='word_1_183' title='bbox 837 1375 892 1414; x_wconf 93' lang='lat' dir='ltr'>ad</span> <span class='ocrx_word' id='word_1_184' title='bbox 922 1388 1065 1426; x_wconf 89' lang='lat' dir='ltr'>quem,</span> <span class='ocrx_word' id='word_1_185' title='bbox 1088 1374 1216 1414; x_wconf 89' lang='lat' dir='ltr'>simul</span> <span class='ocrx_word' id='word_1_186' title='bbox 1247 1374 1489 1427; x_wconf 80' lang='lat' dir='ltr'>adquiritur</span> <span class='ocrx_word' id='word_1_187' title='bbox 1510 1375 1566 1415; x_wconf 91' lang='lat' dir='ltr'>de</span> <span class='ocrx_word' id='word_1_188' title='bbox 1588 1387 1674 1415; x_wconf 92' lang='lat' dir='ltr'>non</span> <span class='ocrx_word' id='word_1_189' title='bbox 1697 1387 1790 1415; x_wconf 86' lang='lat' dir='ltr'>esse</span> 
     </span>
     <span class='ocr_line' id='line_1_22' title="bbox 259 1442 1789 1496; baseline 0.003 -16"><span class='ocrx_word' id='word_1_190' title='bbox 259 1442 433 1481; x_wconf 88' lang='lat' dir='ltr'>termini</span> <span class='ocrx_word' id='word_1_191' title='bbox 456 1455 481 1481; x_wconf 92' lang='lat' dir='ltr'>a</span> <span class='ocrx_word' id='word_1_192' title='bbox 503 1455 591 1494; x_wconf 91' lang='lat' dir='ltr'>quo</span> <span class='ocrx_word' id='word_1_193' title='bbox 613 1456 622 1492; x_wconf 80' lang='lat'>3</span> <span class='ocrx_word' id='word_1_194' title='bbox 655 1448 697 1481; x_wconf 92' lang='lat' dir='ltr'>et</span> <span class='ocrx_word' id='word_1_195' title='bbox 727 1443 785 1482; x_wconf 97' lang='grc'>316</span> <span class='ocrx_word' id='word_1_196' title='bbox 808 1450 982 1484; x_wconf 88' lang='lat' dir='ltr'>currunt</span> <span class='ocrx_word' id='word_1_197' title='bbox 1008 1457 1083 1496; x_wconf 89' lang='lat' dir='ltr'>per</span> <span class='ocrx_word' id='word_1_198' title='bbox 1113 1444 1431 1484; x_wconf 83' lang='lat' dir='ltr'>successionem</span> <span class='ocrx_word' id='word_1_199' title='bbox 1460 1444 1599 1484; x_wconf 88' lang='lat' dir='ltr'>donec</span> <span class='ocrx_word' id='word_1_200' title='bbox 1622 1444 1664 1484; x_wconf 92' lang='lat' dir='ltr'>in</span> <span class='ocrx_word' id='word_1_201' title='bbox 1687 1457 1789 1484; x_wconf 84' lang='lat' dir='ltr'>exe·</span> 
     </span>
    </p>
   </div>
   <div class='ocr_carea' id='block_1_7' title="bbox 261 1510 1827 1566">
    <p class='ocr_par' dir='ltr' id='par_1_7' title="bbox 261 1510 1827 1566">
     <span class='ocr_line' id='line_1_23' title="bbox 261 1510 1827 1566; baseline 0.001 -17"><span class='ocrx_word' id='word_1_202' title='bbox 261 1510 439 1550; x_wconf 91' lang='lat' dir='ltr'>cucione</span> <span class='ocrx_word' id='word_1_203' title='bbox 470 1510 768 1562; x_wconf 79' lang='lat' dir='ltr'>generacionis</span> <span class='ocrx_word' id='word_1_204' title='bbox 800 1511 998 1551; x_wconf 76' lang='lat' dir='ltr'>veniatur</span> <span class='ocrx_word' id='word_1_205' title='bbox 1027 1512 1081 1551; x_wconf 90' lang='lat' dir='ltr'>ad</span> <span class='ocrx_word' id='word_1_206' title='bbox 1117 1512 1315 1552; x_wconf 85' lang='lat' dir='ltr'>ultimam</span> <span class='ocrx_word' id='word_1_207' title='bbox 1339 1519 1509 1566; x_wconf 89' lang='lat' dir='ltr'>partem</span> <span class='ocrx_word' id='word_1_208' title='bbox 1539 1526 1633 1553; x_wconf 91' lang='lat' dir='ltr'>esse</span> <span class='ocrx_word' id='word_1_209' title='bbox 1656 1512 1791 1566; x_wconf 90' lang='lat' dir='ltr'>ipsius</span> <span class='ocrx_word' id='word_1_210' title='bbox 1814 1529 1827 1549; x_wconf 77' lang='lat'><strong>2</strong></span> 
     </span>
    </p>
   </div>
   <div class='ocr_carea' id='block_1_8' title="bbox 260 1578 1792 1838">
    <p class='ocr_par' dir='ltr' id='par_1_8' title="bbox 260 1578 1792 1838">
     <span class='ocr_line' id='line_1_24' title="bbox 260 1578 1790 1634; baseline 0.003 -17"><span class='ocrx_word' id='word_1_211' title='bbox 260 1578 435 1618; x_wconf 90' lang='lat' dir='ltr'>termini</span> <span class='ocrx_word' id='word_1_212' title='bbox 471 1580 526 1618; x_wconf 80' lang='lat' dir='ltr'>ad</span> <span class='ocrx_word' id='word_1_213' title='bbox 564 1592 710 1631; x_wconf 77' lang='lat' dir='ltr'>quem,</span> <span class='ocrx_word' id='word_1_214' title='bbox 745 1592 830 1630; x_wconf 91' lang='lat' dir='ltr'>que</span> <span class='ocrx_word' id='word_1_215' title='bbox 865 1586 928 1619; x_wconf 89' lang='lat' dir='ltr'>est</span> <span class='ocrx_word' id='word_1_216' title='bbox 967 1580 1107 1632; x_wconf 88' lang='lat' dir='ltr'>prima</span> <span class='ocrx_word' id='word_1_217' title='bbox 1143 1581 1358 1632; x_wconf 85' lang='lat' dir='ltr'>dignitate</span> <span class='ocrx_word' id='word_1_218' title='bbox 1390 1588 1433 1621; x_wconf 90' lang='lat' dir='ltr'>et</span> <span class='ocrx_word' id='word_1_219' title='bbox 1465 1581 1790 1634; x_wconf 89' lang='lat' dir='ltr'>complemento</span> 
     </span>
     <span class='ocr_line' id='line_1_25' title="bbox 263 1647 1791 1700; baseline 0.001 -13"><span class='ocrx_word' id='word_1_220' title='bbox 263 1653 304 1687; x_wconf 87' lang='lat' dir='ltr'>et</span> <span class='ocrx_word' id='word_1_221' title='bbox 335 1647 476 1700; x_wconf 87' lang='lat' dir='ltr'>primo</span> <span class='ocrx_word' id='word_1_222' title='bbox 511 1661 535 1686; x_wconf 88' lang='lat' dir='ltr'>a</span> <span class='ocrx_word' id='word_1_223' title='bbox 570 1654 725 1687; x_wconf 89' lang='lat' dir='ltr'>natura</span> <span class='ocrx_word' id='word_1_224' title='bbox 767 1649 946 1688; x_wconf 88' lang='lat' dir='ltr'>intenta.</span> <span class='ocrx_word' id='word_1_225' title='bbox 1011 1648 1069 1688; x_wconf 83' lang='lat' dir='ltr'>Et</span> <span class='ocrx_word' id='word_1_226' title='bbox 1111 1648 1310 1690; x_wconf 90' lang='lat' dir='ltr'>similiter</span> <span class='ocrx_word' id='word_1_227' title='bbox 1351 1648 1400 1689; x_wconf 85' lang='lat' dir='ltr'>fit</span> <span class='ocrx_word' id='word_1_228' title='bbox 1443 1649 1485 1688; x_wconf 90' lang='lat' dir='ltr'>in</span> <span class='ocrx_word' id='word_1_229' title='bbox 1524 1649 1791 1689; x_wconf 79' lang='lat' dir='ltr'>execucione</span> 
     </span>
     <span class='ocr_line' id='line_1_26' title="bbox 261 1715 1792 1768; baseline 0.001 -13"><span class='ocrx_word' id='word_1_230' title='bbox 261 1715 565 1768; x_wconf 76' lang='lat' dir='ltr'>corrupcionis,</span> <span class='ocrx_word' id='word_1_231' title='bbox 608 1715 747 1756; x_wconf 90' lang='lat' dir='ltr'>donec</span> <span class='ocrx_word' id='word_1_232' title='bbox 789 1716 987 1756; x_wconf 85' lang='lat' dir='ltr'>veniatur</span> <span class='ocrx_word' id='word_1_233' title='bbox 1029 1717 1070 1755; x_wconf 92' lang='lat' dir='ltr'>in</span> <span class='ocrx_word' id='word_1_234' title='bbox 1113 1717 1312 1757; x_wconf 87' lang='lat' dir='ltr'>ultimum</span> <span class='ocrx_word' id='word_1_235' title='bbox 1356 1730 1442 1758; x_wconf 92' lang='lat' dir='ltr'>non</span> <span class='ocrx_word' id='word_1_236' title='bbox 1484 1731 1578 1758; x_wconf 86' lang='lat' dir='ltr'>esse</span> <span class='ocrx_word' id='word_1_237' title='bbox 1619 1717 1792 1758; x_wconf 90' lang='lat' dir='ltr'>termini</span> 
     </span>
     <span class='ocr_line' id='line_1_27' title="bbox 262 1784 1791 1838; baseline 0.002 -15"><span class='ocrx_word' id='word_1_238' title='bbox 262 1798 287 1824; x_wconf 91' lang='lat' dir='ltr'>a</span> <span class='ocrx_word' id='word_1_239' title='bbox 309 1798 408 1837; x_wconf 76' lang='lat' dir='ltr'>quo,</span> <span class='ocrx_word' id='word_1_240' title='bbox 431 1785 549 1835; x_wconf 90' lang='lat' dir='ltr'>quod</span> <span class='ocrx_word' id='word_1_241' title='bbox 572 1790 637 1823; x_wconf 87' lang='lat' dir='ltr'>est</span> <span class='ocrx_word' id='word_1_242' title='bbox 662 1784 850 1837; x_wconf 87' lang='lat' dir='ltr'>primum</span> <span class='ocrx_word' id='word_1_243' title='bbox 880 1785 922 1824; x_wconf 92' lang='lat' dir='ltr'>in</span> <span class='ocrx_word' id='word_1_244' title='bbox 952 1786 1197 1826; x_wconf 86' lang='lat' dir='ltr'>intencione</span> <span class='ocrx_word' id='word_1_245' title='bbox 1219 1792 1373 1826; x_wconf 89' lang='lat' dir='ltr'>nature</span> <span class='ocrx_word' id='word_1_246' title='bbox 1394 1786 1725 1838; x_wconf 88' lang='lat' dir='ltr'>corrumpentis,</span> <span class='ocrx_word' id='word_1_247' title='bbox 1748 1791 1791 1826; x_wconf 88' lang='lat' dir='ltr'>et</span> 
     </span>
    </p>
   </div>
   <div class='ocr_carea' id='block_1_9' title="bbox 264 1851 1829 1907">
    <p class='ocr_par' dir='ltr' id='par_1_9' title="bbox 264 1851 1829 1907">
     <span class='ocr_line' id='line_1_28' title="bbox 264 1851 1829 1907; baseline 0.003 -16"><span class='ocrx_word' id='word_1_248' title='bbox 264 1853 345 1892; x_wconf 87' lang='lat' dir='ltr'>ista</span> <span class='ocrx_word' id='word_1_249' title='bbox 366 1853 454 1892; x_wconf 93' lang='lat' dir='ltr'>duo</span> <span class='ocrx_word' id='word_1_250' title='bbox 476 1866 551 1892; x_wconf 89' lang='lat' dir='ltr'>seu</span> <span class='ocrx_word' id='word_1_251' title='bbox 582 1851 734 1892; x_wconf 89' lang='lat' dir='ltr'>ultima</span> <span class='ocrx_word' id='word_1_252' title='bbox 763 1867 837 1893; x_wconf 89' lang='lat' dir='ltr'>seu</span> <span class='ocrx_word' id='word_1_253' title='bbox 870 1855 1021 1906; x_wconf 85' lang='lat' dir='ltr'>prima,</span> <span class='ocrx_word' id='word_1_254' title='bbox 1050 1861 1097 1895; x_wconf 93' lang='lat' dir='ltr'>ut</span> <span class='ocrx_word' id='word_1_255' title='bbox 1128 1854 1382 1907; x_wconf 85' lang='lat' dir='ltr'>expositum</span> <span class='ocrx_word' id='word_1_256' title='bbox 1413 1861 1490 1904; x_wconf 84' lang='lat' dir='ltr'>est,</span> <span class='ocrx_word' id='word_1_257' title='bbox 1519 1860 1620 1895; x_wconf 89' lang='lat' dir='ltr'>sunt</span> <span class='ocrx_word' id='word_1_258' title='bbox 1648 1854 1790 1903; x_wconf 89' lang='lat' dir='ltr'>simul,</span> <span class='ocrx_word' id='word_1_259' title='bbox 1815 1876 1829 1896; x_wconf 81' lang='lat'>2</span> 
     </span>
    </p>
   </div>
   <div class='ocr_carea' id='block_1_10' title="bbox 262 1921 1793 2179">
    <p class='ocr_par' dir='ltr' id='par_1_10' title="bbox 262 1921 1793 2179">
     <span class='ocr_line' id='line_1_29' title="bbox 262 1921 1792 1976; baseline 0.002 -16"><span class='ocrx_word' id='word_1_260' title='bbox 262 1927 327 1960; x_wconf 89' lang='lat' dir='ltr'>set</span> <span class='ocrx_word' id='word_1_261' title='bbox 369 1934 454 1961; x_wconf 90' lang='lat' dir='ltr'>non</span> <span class='ocrx_word' id='word_1_262' title='bbox 491 1921 532 1959; x_wconf 92' lang='lat' dir='ltr'>in</span> <span class='ocrx_word' id='word_1_263' title='bbox 575 1922 730 1961; x_wconf 90' lang='lat' dir='ltr'>eodem</span> <span class='ocrx_word' id='word_1_264' title='bbox 774 1922 951 1962; x_wconf 88' lang='lat' dir='ltr'>instanti</span> <span class='ocrx_word' id='word_1_265' title='bbox 988 1929 1054 1963; x_wconf 92' lang='lat' dir='ltr'>set</span> <span class='ocrx_word' id='word_1_266' title='bbox 1089 1929 1213 1975; x_wconf 88' lang='lat' dir='ltr'>parte</span> <span class='ocrx_word' id='word_1_267' title='bbox 1246 1924 1456 1976; x_wconf 88' lang='lat' dir='ltr'>temporis</span> <span class='ocrx_word' id='word_1_268' title='bbox 1493 1923 1672 1963; x_wconf 89' lang='lat' dir='ltr'>minima</span> <span class='ocrx_word' id='word_1_269' title='bbox 1707 1936 1792 1975; x_wconf 90' lang='lat' dir='ltr'>que</span> 
     </span>
     <span class='ocr_line' id='line_1_30' title="bbox 264 1989 1791 2043; baseline 0.003 -15"><span class='ocrx_word' id='word_1_270' title='bbox 264 1995 409 2042; x_wconf 83' lang='lat' dir='ltr'>potest</span> <span class='ocrx_word' id='word_1_271' title='bbox 441 1989 579 2041; x_wconf 85' lang='lat' dir='ltr'>accipi</span> <span class='ocrx_word' id='word_1_272' title='bbox 611 1991 849 2030; x_wconf 86' lang='lat' dir='ltr'>secundum</span> <span class='ocrx_word' id='word_1_273' title='bbox 879 1997 1094 2031; x_wconf 87' lang='lat' dir='ltr'>naturam.</span> <span class='ocrx_word' id='word_1_274' title='bbox 1159 1990 1368 2032; x_wconf 86' lang='lat' dir='ltr'>Similiter</span> <span class='ocrx_word' id='word_1_275' title='bbox 1399 1993 1640 2032; x_wconf 89' lang='lat' dir='ltr'>secundum</span> <span class='ocrx_word' id='word_1_276' title='bbox 1673 1991 1791 2043; x_wconf 88' lang='lat' dir='ltr'>quod</span> 
     </span>
     <span class='ocr_line' id='line_1_31' title="bbox 264 2058 1793 2113; baseline 0.003 -17"><span class='ocrx_word' id='word_1_277' title='bbox 264 2058 453 2110; x_wconf 88' lang='lat' dir='ltr'>primum</span> <span class='ocrx_word' id='word_1_278' title='bbox 478 2058 520 2097; x_wconf 90' lang='lat' dir='ltr'>in</span> <span class='ocrx_word' id='word_1_279' title='bbox 553 2071 646 2097; x_wconf 89' lang='lat' dir='ltr'>esse</span> <span class='ocrx_word' id='word_1_280' title='bbox 678 2059 851 2098; x_wconf 87' lang='lat' dir='ltr'>termini</span> <span class='ocrx_word' id='word_1_281' title='bbox 884 2060 938 2100; x_wconf 91' lang='lat' dir='ltr'>ad</span> <span class='ocrx_word' id='word_1_282' title='bbox 971 2073 1101 2112; x_wconf 89' lang='lat' dir='ltr'>quem</span> <span class='ocrx_word' id='word_1_283' title='bbox 1134 2067 1312 2100; x_wconf 90' lang='lat' dir='ltr'>vocatur</span> <span class='ocrx_word' id='word_1_284' title='bbox 1342 2066 1597 2113; x_wconf 83' lang='lat' dir='ltr'>generatum</span> <span class='ocrx_word' id='word_1_285' title='bbox 1623 2073 1717 2100; x_wconf 87' lang='lat' dir='ltr'>esse</span> <span class='ocrx_word' id='word_1_286' title='bbox 1749 2066 1793 2100; x_wconf 86' lang='lat' dir='ltr'>et</span> 
     </span>
     <span class='ocr_line' id='line_1_32' title="bbox 270 2126 1792 2179; baseline 0.001 -14"><span class='ocrx_word' id='word_1_287' title='bbox 270 2126 365 2165; x_wconf 86' lang='lat' dir='ltr'>finis</span> <span class='ocrx_word' id='word_1_288' title='bbox 399 2127 708 2179; x_wconf 77' lang='lat' dir='ltr'>generacioniS,</span> <span class='ocrx_word' id='word_1_289' title='bbox 746 2129 865 2179; x_wconf 90' lang='lat' dir='ltr'>quod</span> <span class='ocrx_word' id='word_1_290' title='bbox 900 2135 966 2168; x_wconf 85' lang='lat' dir='ltr'>est</span> <span class='ocrx_word' id='word_1_291' title='bbox 1001 2128 1257 2168; x_wconf 84' lang='lat' dir='ltr'>indivisibile</span> <span class='ocrx_word' id='word_1_292' title='bbox 1290 2135 1332 2169; x_wconf 90' lang='lat' dir='ltr'>et</span> <span class='ocrx_word' id='word_1_293' title='bbox 1366 2129 1409 2168; x_wconf 92' lang='lat' dir='ltr'>in</span> <span class='ocrx_word' id='word_1_294' title='bbox 1446 2129 1623 2169; x_wconf 89' lang='lat' dir='ltr'>instanti</span> <span class='ocrx_word' id='word_1_295' title='bbox 1655 2126 1701 2177; x_wconf 88' lang='lat' dir='ltr'>C,</span> <span class='ocrx_word' id='word_1_296' title='bbox 1736 2128 1792 2168; x_wconf 91' lang='lat' dir='ltr'>sit</span> 
     </span>
    </p>
   </div>
   <div class='ocr_carea' id='block_1_11' title="bbox 266 2195 1832 2250">
    <p class='ocr_par' dir='ltr' id='par_1_11' title="bbox 266 2195 1832 2250">
     <span class='ocr_line' id='line_1_33' title="bbox 266 2195 1832 2250; baseline 0.001 -17"><span class='ocrx_word' id='word_1_297' title='bbox 266 2195 452 2248; x_wconf 90' lang='lat' dir='ltr'>primum</span> <span class='ocrx_word' id='word_1_298' title='bbox 479 2196 519 2234; x_wconf 91' lang='lat' dir='ltr'>in</span> <span class='ocrx_word' id='word_1_299' title='bbox 543 2209 630 2235; x_wconf 90' lang='lat' dir='ltr'>non</span> <span class='ocrx_word' id='word_1_300' title='bbox 654 2209 760 2242; x_wconf 76' lang='lat' dir='ltr'>esse,</span> <span class='ocrx_word' id='word_1_301' title='bbox 783 2197 900 2248; x_wconf 88' lang='lat' dir='ltr'>quod</span> <span class='ocrx_word' id='word_1_302' title='bbox 926 2203 991 2237; x_wconf 90' lang='lat' dir='ltr'>est</span> <span class='ocrx_word' id='word_1_303' title='bbox 1017 2204 1269 2250; x_wconf 89' lang='lat' dir='ltr'>corruptum</span> <span class='ocrx_word' id='word_1_304' title='bbox 1293 2210 1386 2238; x_wconf 86' lang='lat' dir='ltr'>esse</span> <span class='ocrx_word' id='word_1_305' title='bbox 1413 2196 1597 2237; x_wconf 87' lang='lat' dir='ltr'>finaliter</span> <span class='ocrx_word' id='word_1_306' title='bbox 1626 2202 1670 2237; x_wconf 90' lang='lat' dir='ltr'>et</span> <span class='ocrx_word' id='word_1_307' title='bbox 1698 2195 1794 2236; x_wconf 86' lang='lat' dir='ltr'>finis</span> <span class='ocrx_word' id='word_1_308' title='bbox 1815 2229 1832 2246; x_wconf 91' lang='lat'><em>,</em></span> 
     </span>
    </p>
   </div>
   <div class='ocr_carea' id='block_1_12' title="bbox 266 2264 1794 2728">
    <p class='ocr_par' dir='ltr' id='par_1_12' title="bbox 266 2264 1794 2728">
     <span class='ocr_line' id='line_1_34' title="bbox 266 2264 1792 2318; baseline 0.003 -17"><span class='ocrx_word' id='word_1_309' title='bbox 266 2264 573 2315; x_wconf 81' lang='lat' dir='ltr'>corrupcionis,</span> <span class='ocrx_word' id='word_1_310' title='bbox 610 2271 675 2304; x_wconf 86' lang='lat' dir='ltr'>est</span> <span class='ocrx_word' id='word_1_311' title='bbox 712 2264 753 2303; x_wconf 90' lang='lat' dir='ltr'>in</span> <span class='ocrx_word' id='word_1_312' title='bbox 792 2265 947 2305; x_wconf 87' lang='lat' dir='ltr'>eodem</span> <span class='ocrx_word' id='word_1_313' title='bbox 994 2265 1172 2306; x_wconf 87' lang='lat' dir='ltr'>instanti</span> <span class='ocrx_word' id='word_1_314' title='bbox 1217 2265 1263 2313; x_wconf 91' lang='lat' dir='ltr'>C,</span> <span class='ocrx_word' id='word_1_315' title='bbox 1295 2272 1337 2306; x_wconf 90' lang='lat' dir='ltr'>et</span> <span class='ocrx_word' id='word_1_316' title='bbox 1376 2266 1473 2306; x_wconf 89' lang='lat' dir='ltr'>ideo</span> <span class='ocrx_word' id='word_1_317' title='bbox 1511 2270 1632 2318; x_wconf 84' lang='lat' dir='ltr'>patet</span> <span class='ocrx_word' id='word_1_318' title='bbox 1674 2266 1792 2317; x_wconf 92' lang='lat' dir='ltr'>quod</span> 
     </span>
     <span class='ocr_line' id='line_1_35' title="bbox 266 2330 1792 2386; baseline 0.002 -16"><span class='ocrx_word' id='word_1_319' title='bbox 266 2330 472 2383; x_wconf 87' lang='lat' dir='ltr'>decepcio</span> <span class='ocrx_word' id='word_1_320' title='bbox 503 2345 663 2385; x_wconf 82' lang='lat' dir='ltr'>magna</span> <span class='ocrx_word' id='word_1_321' title='bbox 694 2333 853 2373; x_wconf 91' lang='lat' dir='ltr'>accidit</span> <span class='ocrx_word' id='word_1_322' title='bbox 886 2340 928 2373; x_wconf 90' lang='lat' dir='ltr'>et</span> <span class='ocrx_word' id='word_1_323' title='bbox 962 2333 1141 2374; x_wconf 86' lang='lat' dir='ltr'>turbans</span> <span class='ocrx_word' id='word_1_324' title='bbox 1175 2334 1348 2382; x_wconf 78' lang='lat' dir='ltr'>multos,</span> <span class='ocrx_word' id='word_1_325' title='bbox 1371 2339 1548 2386; x_wconf 91' lang='lat' dir='ltr'>propter</span> <span class='ocrx_word' id='word_1_326' title='bbox 1570 2334 1652 2374; x_wconf 89' lang='lat' dir='ltr'>hoc</span> <span class='ocrx_word' id='word_1_327' title='bbox 1675 2333 1792 2385; x_wconf 89' lang='lat' dir='ltr'>quod</span> 
     </span>
     <span class='ocr_line' id='line_1_36' title="bbox 266 2398 1792 2454; baseline 0.003 -17"><span class='ocrx_word' id='word_1_328' title='bbox 266 2398 379 2439; x_wconf 88' lang='lat' dir='ltr'>male</span> <span class='ocrx_word' id='word_1_329' title='bbox 400 2400 610 2453; x_wconf 89' lang='lat' dir='ltr'>accipitur</span> <span class='ocrx_word' id='word_1_330' title='bbox 633 2400 835 2441; x_wconf 89' lang='lat' dir='ltr'>ultimum</span> <span class='ocrx_word' id='word_1_331' title='bbox 859 2415 884 2442; x_wconf 90' lang='lat' dir='ltr'>a</span> <span class='ocrx_word' id='word_1_332' title='bbox 905 2408 1026 2454; x_wconf 87' lang='lat' dir='ltr'>parte</span> <span class='ocrx_word' id='word_1_333' title='bbox 1049 2403 1219 2443; x_wconf 91' lang='lat' dir='ltr'>termini</span> <span class='ocrx_word' id='word_1_334' title='bbox 1242 2403 1297 2442; x_wconf 91' lang='lat' dir='ltr'>ad</span> <span class='ocrx_word' id='word_1_335' title='bbox 1321 2415 1464 2454; x_wconf 91' lang='lat' dir='ltr'>quem.</span> <span class='ocrx_word' id='word_1_336' title='bbox 1538 2402 1654 2442; x_wconf 93' lang='lat' dir='ltr'>Illud</span> <span class='ocrx_word' id='word_1_337' title='bbox 1677 2402 1792 2441; x_wconf 92' lang='lat' dir='ltr'>enim</span> 
     </span>
     <span class='ocr_line' id='line_1_37' title="bbox 269 2467 1792 2522; baseline 0.002 -15"><span class='ocrx_word' id='word_1_338' title='bbox 269 2467 302 2507; x_wconf 92' lang='lat' dir='ltr'>C</span> <span class='ocrx_word' id='word_1_339' title='bbox 326 2481 351 2507; x_wconf 93' lang='lat' dir='ltr'>a</span> <span class='ocrx_word' id='word_1_340' title='bbox 373 2481 460 2519; x_wconf 92' lang='lat' dir='ltr'>quo</span> <span class='ocrx_word' id='word_1_341' title='bbox 483 2468 684 2509; x_wconf 90' lang='lat' dir='ltr'>ultimum</span> <span class='ocrx_word' id='word_1_342' title='bbox 710 2469 751 2508; x_wconf 92' lang='lat' dir='ltr'>in</span> <span class='ocrx_word' id='word_1_343' title='bbox 781 2471 1045 2511; x_wconf 83' lang='lat' dir='ltr'>execucione</span> <span class='ocrx_word' id='word_1_344' title='bbox 1070 2484 1145 2511; x_wconf 91' lang='lat' dir='ltr'>seu</span> <span class='ocrx_word' id='word_1_345' title='bbox 1175 2471 1363 2522; x_wconf 88' lang='lat' dir='ltr'>primum</span> <span class='ocrx_word' id='word_1_346' title='bbox 1394 2471 1653 2517; x_wconf 90' lang='lat' dir='ltr'>intencione,</span> <span class='ocrx_word' id='word_1_347' title='bbox 1675 2471 1792 2522; x_wconf 92' lang='lat' dir='ltr'>quod</span> 
     </span>
     <span class='ocr_line' id='line_1_38' title="bbox 267 2537 1794 2591; baseline 0.003 -17"><span class='ocrx_word' id='word_1_348' title='bbox 267 2537 498 2587; x_wconf 84' lang='lat' dir='ltr'>respondet</span> <span class='ocrx_word' id='word_1_349' title='bbox 528 2538 813 2588; x_wconf 76' lang='lat' dir='ltr'>geneiacioni,</span> <span class='ocrx_word' id='word_1_350' title='bbox 855 2537 1085 2591; x_wconf 89' lang='lat' dir='ltr'>dupliciter</span> <span class='ocrx_word' id='word_1_351' title='bbox 1121 2540 1254 2580; x_wconf 86' lang='lat' dir='ltr'>debet</span> <span class='ocrx_word' id='word_1_352' title='bbox 1295 2539 1444 2591; x_wconf 85' lang='lat' dir='ltr'>accipi,</span> <span class='ocrx_word' id='word_1_353' title='bbox 1487 2539 1529 2578; x_wconf 93' lang='lat' dir='ltr'>in</span> <span class='ocrx_word' id='word_1_354' title='bbox 1572 2552 1659 2578; x_wconf 92' lang='lat' dir='ltr'>non</span> <span class='ocrx_word' id='word_1_355' title='bbox 1701 2552 1794 2579; x_wconf 87' lang='lat' dir='ltr'>esse</span> 
     </span>
     <span class='ocr_line' id='line_1_39' title="bbox 269 2605 1793 2660; baseline 0.004 -19"><span class='ocrx_word' id='word_1_356' title='bbox 269 2605 441 2643; x_wconf 88' lang='lat' dir='ltr'>termini</span> <span class='ocrx_word' id='word_1_357' title='bbox 465 2618 489 2643; x_wconf 91' lang='lat' dir='ltr'>a</span> <span class='ocrx_word' id='word_1_358' title='bbox 511 2618 609 2657; x_wconf 89' lang='lat' dir='ltr'>quo,</span> <span class='ocrx_word' id='word_1_359' title='bbox 633 2613 676 2646; x_wconf 90' lang='lat' dir='ltr'>et</span> <span class='ocrx_word' id='word_1_360' title='bbox 699 2619 786 2646; x_wconf 91' lang='lat' dir='ltr'>non</span> <span class='ocrx_word' id='word_1_361' title='bbox 808 2606 849 2646; x_wconf 91' lang='lat' dir='ltr'>in</span> <span class='ocrx_word' id='word_1_362' title='bbox 873 2619 967 2648; x_wconf 85' lang='lat' dir='ltr'>esse</span> <span class='ocrx_word' id='word_1_363' title='bbox 988 2607 1091 2660; x_wconf 87' lang='lat' dir='ltr'>ejus,</span> <span class='ocrx_word' id='word_1_364' title='bbox 1115 2615 1161 2648; x_wconf 92' lang='lat' dir='ltr'>ut</span> <span class='ocrx_word' id='word_1_365' title='bbox 1185 2613 1308 2660; x_wconf 89' lang='lat' dir='ltr'>patet</span> <span class='ocrx_word' id='word_1_366' title='bbox 1337 2621 1394 2647; x_wconf 86' lang='lat' dir='ltr'>ex</span> <span class='ocrx_word' id='word_1_367' title='bbox 1416 2607 1556 2648; x_wconf 89' lang='lat' dir='ltr'>dictis.</span> <span class='ocrx_word' id='word_1_368' title='bbox 1620 2607 1667 2648; x_wconf 86' lang='lat' dir='ltr'>Si</span> <span class='ocrx_word' id='word_1_369' title='bbox 1691 2620 1793 2647; x_wconf 91' lang='lat' dir='ltr'>vero</span> 
     </span>
     <span class='ocr_line' id='line_1_40' title="bbox 267 2671 1792 2728; baseline 0.003 -18"><span class='ocrx_word' id='word_1_370' title='bbox 267 2671 436 2711; x_wconf 80' lang='lat' dir='ltr'>dicatur</span> <span class='ocrx_word' id='word_1_371' title='bbox 467 2674 584 2724; x_wconf 92' lang='lat' dir='ltr'>quod</span> <span class='ocrx_word' id='word_1_372' title='bbox 617 2674 650 2713; x_wconf 91' lang='lat' dir='ltr'>si</span> <span class='ocrx_word' id='word_1_373' title='bbox 684 2675 850 2715; x_wconf 84' lang='lat' dir='ltr'>instans</span> <span class='ocrx_word' id='word_1_374' title='bbox 883 2677 1002 2728; x_wconf 90' lang='lat' dir='ltr'>quod</span> <span class='ocrx_word' id='word_1_375' title='bbox 1036 2683 1102 2717; x_wconf 87' lang='lat' dir='ltr'>est</span> <span class='ocrx_word' id='word_1_376' title='bbox 1130 2677 1225 2716; x_wconf 85' lang='lat' dir='ltr'>finis</span> <span class='ocrx_word' id='word_1_377' title='bbox 1262 2676 1471 2728; x_wconf 90' lang='lat' dir='ltr'>temporis</span> <span class='ocrx_word' id='word_1_378' title='bbox 1504 2675 1792 2716; x_wconf 88' lang='lat' dir='ltr'>mensurantis</span> 
     </span>
    </p>
   </div>
   <div class='ocr_carea' id='block_1_13' title="bbox 437 2763 1612 2806">
    <p class='ocr_par' dir='ltr' id='par_1_13' title="bbox 437 2763 1612 2806">
     <span class='ocr_line' id='line_1_41' title="bbox 437 2763 1612 2806; baseline 0.003 -14"><span class='ocrx_word' id='word_1_379' title='bbox 437 2764 456 2792; x_wconf 90' lang='lat'><em>8</em></span> <span class='ocrx_word' id='word_1_380' title='bbox 481 2763 651 2804; x_wconf 84' lang='lat' dir='ltr'>ultimum]</span> <span class='ocrx_word' id='word_1_381' title='bbox 670 2765 812 2803; x_wconf 81' lang='lat' dir='ltr'>primum</span> <span class='ocrx_word' id='word_1_382' title='bbox 829 2765 864 2795; x_wconf 90' lang='lat' dir='ltr'><em>D</em></span> <span class='ocrx_word' id='word_1_383' title='bbox 880 2765 920 2795; x_wconf 93' lang='lat' dir='ltr'><em>M</em></span> <span class='ocrx_word' id='word_1_384' title='bbox 934 2766 967 2795; x_wconf 78' lang='lat' dir='ltr'>in</span> <span class='ocrx_word' id='word_1_385' title='bbox 986 2776 1092 2806; x_wconf 77' lang='lat' dir='ltr'>marg.</span> <span class='ocrx_word' id='word_1_386' title='bbox 1225 2775 1267 2804; x_wconf 81' lang='lat'>32</span> <span class='ocrx_word' id='word_1_387' title='bbox 1291 2765 1431 2806; x_wconf 87' lang='lat' dir='ltr'>multos]</span> <span class='ocrx_word' id='word_1_388' title='bbox 1449 2765 1562 2796; x_wconf 83' lang='lat' dir='ltr'>multis</span> <span class='ocrx_word' id='word_1_389' title='bbox 1578 2765 1612 2795; x_wconf 91' lang='lat' dir='ltr'><em>D</em></span> 
     </span>
    </p>
   </div>
   <div class='ocr_carea' id='block_1_14' title="bbox 1809 843 1846 863">
    <p class='ocr_par' dir='ltr' id='par_1_14' title="bbox 1809 843 1846 863">
     <span class='ocr_line' id='line_1_42' title="bbox 1809 843 1846 863; baseline 0 0"><span class='ocrx_word' id='word_1_390' title='bbox 1809 843 1846 863; x_wconf 91' lang='lat'>10</span> 
     </span>
    </p>
   </div>
   <div class='ocr_carea' id='block_1_15' title="bbox 1815 2546 1853 2576">
    <p class='ocr_par' dir='ltr' id='par_1_15' title="bbox 1815 2546 1853 2576">
     <span class='ocr_line' id='line_1_43' title="bbox 1815 2546 1853 2576; baseline 0 0"><span class='ocrx_word' id='word_1_391' title='bbox 1815 2546 1853 2576; x_wconf 76' lang='lat'>35</span> 
     </span>
    </p>
   </div>
  </div>
 </body>
</html>
