1898 3126
56 488 74 519 ὃ

40 828 76 851 10

41 1511 79 1534 20

43 2198 83 2227 30

826 93 901 134 231

78 196 297 236 ‘virtutem
330 194 468 234 salvat
499 193 745 243 ele1nenta;
779 200 821 233 et
865 193 1093 244 quodlibet
1125 192 1390 232 elementum
1427 192 1624 244 superius

94 264 232 306 salvat
258 262 455 312 inferius;
489 268 532 302 et
561 262 660 302 ideo
690 268 866 313 oportet
890 262 1008 313 quod
1042 260 1259 300 elementa
1288 260 1481 299 habeant
1505 260 1625 299 undi-

93 346 178 385 que
199 331 436 371 continens
499 330 647 382 Quare
680 344 778 371 cum
810 330 1061 370 substancia
1083 327 1321 381 spiritualis
1347 342 1432 367 non
1457 328 1624 380 indiget

93 401 299 449 salvante,
347 413 434 439 non
476 399 690 451 indigebit
732 399 827 438 loco
867 398 1130 438 continente.
1197 397 1325 446 Item,
1369 397 1621 436 universitas

95 483 234 510 rerum
257 482 343 509 non
367 469 546 520 requirit
569 467 885 508 continenciam
909 467 1036 507 unius
1058 480 1133 519 per
1155 466 1285 507 aliud.
1360 466 1478 504 Nam
1501 465 1535 504 si
1560 478 1625 504 res

95 542 237 576 create
259 540 400 574 essent
419 534 481 574 ita
498 540 546 574 ut
568 533 686 573 nulla
703 532 831 573 aliam
851 534 1150 582 circumdaret,
1163 531 1306 586 adhuc
1324 536 1436 571 esset
1454 531 1623 570 univer-

95 606 198 645 sitas
220 616 361 644 rerum
384 609 426 642 et
449 609 595 642 tamen
620 601 736 642 nulla
758 602 1042 642 continencia.
1097 601 1217 653 Ergo
1239 614 1338 653 pars
1365 599 1563 647 universi,
1583 600 1623 639 in

94 678 305 726 quantum
337 671 602 723 hujusmodi,
625 671 704 710 nisi
735 670 853 710 aliud
882 670 1084 710 reformet
1108 675 1301 721 pactum,
1332 682 1418 709 non
1444 668 1623 720 requirit

97 741 337 782 continens.

154 809 279 856 Item,
311 809 346 848 si
372 809 694 848 consideremus
722 808 912 849 radicem
947 808 1061 847 unde
1092 807 1247 848 accidit
1279 807 1552 847 continencia
1585 807 1625 845 in

95 879 177 920 hoc
200 878 375 925 mundo,
399 877 642 917 videbimus
664 877 781 929 quod
806 877 860 916 ad
884 876 976 924 hoc,
996 876 1113 928 quod
1138 889 1204 915 res
1226 876 1281 916 sit
1304 876 1404 927 pars
1426 874 1626 923 universi,

96 960 181 987 non
204 946 436 998 requiritur
450 945 568 997 quod
594 946 868 986 contineatur
889 945 945 984 ab
967 944 1088 985 alico.
1152 944 1269 985 Nam
1292 944 1394 996 quia
1412 943 1629 983 elementa

97 1016 293 1067 indigent
326 1013 520 1054 salvante
550 1013 755 1066 undique,
781 1013 879 1053 ideo
908 1013 1105 1065 indigent
1134 1012 1385 1053 continente
1407 1011 1629 1064 undique;

97 1091 140 1125 et
171 1084 269 1124 ideo
301 1082 566 1122 elementum
601 1088 665 1122 est
698 1082 939 1134 spericum3
974 1088 1017 1121 et
1049 1095 1124 1134 per
1165 1093 1434 1133 consequens
1471 1093 1629 1132 corpus

96 1153 254 1192 celeste
287 1157 352 1191 est
384 1150 628 1203 spericum;
662 1155 704 1190 et
735 1150 832 1190 ideo
870 1150 1167 1190 contentivum
1200 1148 1416 1189 elementi.
1481 1147 1558 1188 Set
1595 1149 1627 1187 si

96 1220 312 1261 elementa
334 1232 390 1259 ex
412 1218 531 1258 nulla
560 1224 684 1271 parte
709 1219 952 1270 indigerent
978 1218 1184 1267 salvante,
1207 1224 1282 1258 aut
1312 1229 1398 1256 non
1425 1216 1629 1268 undique,

97 1303 182 1330 non
205 1294 318 1329 esset
340 1300 514 1327 necesse
536 1288 654 1339 quod
686 1288 900 1327 elementa
930 1293 1074 1327 essent
1097 1286 1260 1338 sperice
1284 1284 1430 1337 figure,
1455 1298 1533 1325 nec
1555 1298 1631 1337 per

97 1369 364 1409 consequens
397 1355 565 1406 celum;
598 1361 641 1395 et
673 1355 771 1395 ideo
804 1355 1076 1396 continencia
1108 1367 1194 1394 non
1227 1353 1466 1405 requiretur
1488 1366 1631 1393 neces-

98 1426 238 1475 sario;
272 1431 315 1466 et
346 1432 494 1465 tamen
526 1431 669 1465 essent
701 1430 845 1476 partes
886 1423 1083 1464 universi.
1148 1422 1273 1471 Item,
1306 1422 1347 1461 in
1390 1428 1601 1474 quantum
1629 1420 1635 1471 ἰ

100 1495 287 1535 mundus
307 1493 439 1534 debet
467 1492 472 1546 1
501 1493 665 1533 moveri
689 1499 868 1545 propter
888 1491 1219 1545 generacionem
1235 1497 1277 1530 et
1293 1490 1634 1542 corrupcionem‚

100 1569 271 1616 oportet
288 1562 406 1614 quod
424 1562 480 1602 sit
502 1561 665 1614 sperice
684 1560 820 1614 figure
837 1576 844 1611 ;
868 1561 969 1613 quia
986 1573 1074 1600 non
1091 1566 1236 1611 posset
1252 1558 1453 1598 ultimum
1477 1571 1634 1610 corpus

101 1631 274 1680 moveri,
297 1630 375 1670 nisi
399 1630 441 1669 in
464 1629 602 1682 figura
625 1628 714 1679 tali,
738 1629 846 1669 sicut
871 1628 1050 1681 probavi
1076 1629 1117 1667 in
1143 1627 1278 1680 Opere
1299 1626 1481 1678 Maseri.
1546 1625 1633 1666 Sed

101 1700 199 1740 licet
231 1699 371 1739 celum
403 1710 488 1738 non
523 1703 781 1746 moveretur,
813 1711 890 1737 nec
921 1697 1042 1737 fieret
1069 1696 1296 1748 generacio
1326 1702 1369 1735 et
1400 1694 1635 1747 corrupcio.

99 1768 209 1809 sicut
240 1768 321 1807 erit
347 1773 446 1821 post
478 1766 1001 1818 resurreccionem—quia
1032 1772 1134 1805 tunc
1166 1769 1290 1804 erunt
1322 1762 1469 1803 omnia
1498 1762 1633 1802 incor-

100 1836 332 1890 ruptibilia,
366 1843 409 1876 et
442 1835 586 1875 adhuc
623 1841 750 1875 erunt
792 1841 938 1886 partes
981 1833 1330 1884 universi—ergo
1373 1831 1511 1884 figura
1554 1832 1635 1872 ista

101 1905 280 1958 sperica,
321 1917 407 1956 que
442 1904 544 1944 facit
578 1903 898 1944 continenciam
942 1902 983 1941 in
1016 1901 1099 1942 hoc
1142 1901 1321 1949 mundo,
1362 1913 1448 1940 non
1490 1906 1635 1952 potest

100 1973 367 2022 convincere,
408 1972 526 2024 quod
570 1972 685 2011 idem
722 1971 777 2010 sit
813 1983 906 2010 esse
941 1983 1040 2022 pars
1076 1969 1274 2016 universi,
1314 1975 1357 2008 et
1394 1967 1635 2008 necessario

100 2047 366 2091 contentum,
388 2040 626 2080 secundum
659 2040 778 2091 quod
811 2038 990 2090 requirit
1022 2037 1248 2078 continens
1281 2043 1323 2076 et
1356 2037 1501 2076 locum
1534 2049 1635 2076 con-

98 2111 322 2150 tinentem.
385 2108 670 2161 Quapropter
695 2107 895 2148 concludi
924 2107 1094 2147 videtur
1120 2106 1239 2157 quod
1273 2105 1512 2158 spiritualis
1535 2105 1634 2144 sub-

100 2180 267 2219 stancia
293 2177 458 2218 nullum
492 2177 648 2225 locum,
673 2189 750 2216 nec
783 2175 1043 2215 divisibilem
1076 2187 1155 2214 nec
1188 2173 1508 2220 indivisibilem,
1541 2187 1635 2214 cor-

101 2247 294 2301 poralem
338 2246 530 2298 requirit,
564 2258 642 2285 nec
679 2244 837 2285 debeat
880 2244 1051 2291 habere,
1097 2249 1274 2295 propter
1310 2241 1636 2291 continenciam,

103 2316 210 2356 sicut
233 2328 373 2367 neque
396 2321 574 2367 propter
597 2313 799 2353 salutem.

144 2511 163 2538 4
188 2500 262 2530 loco
279 2498 477 2529 continente
494 2507 558 2527 om.
576 2496 610 2526 D
760 2505 778 2533 5
805 2495 903 2524 unius
920 2504 983 2533 per
998 2494 1088 2523 aliud
1106 2503 1171 2523 om.
1190 2493 1224 2522 D
1372 2493 1392 2521 6
1416 2491 1636 2531 universitas]

103 2551 214 2581 unitas
231 2549 266 2579 D
354 2550 375 2579 8
400 2553 534 2587 pactum
552 2558 618 2578 om.
644 2547 678 2576 D
770 2556 807 2583 13
832 2546 908 2575 ideo
926 2569 932 2574 .
955 2569 961 2575 .
983 2569 990 2576 .
1011 2544 1158 2583 undique
1174 2554 1240 2574 om.
1259 2543 1293 2572 D
1399 2552 1436 2581 15
1462 2542 1634 2572 elementi.

102 2601 195 2632 Haec
215 2601 310 2631 verba
333 2600 410 2630 add.
434 2599 466 2628 F
488 2604 521 2630 et
544 2609 605 2638 per
629 2607 845 2637 consequens
868 2606 991 2635 corpus
1017 2597 1186 2635 spericum
1209 2600 1260 2625 est
1286 2594 1424 2630 celeste,
1451 2594 1529 2624 ideo
1554 2604 1633 2624 con-

102 2653 266 2684 tentivum
298 2652 459 2682 elementi
620 2651 658 2680 18
684 2648 891 2688 requiretur]
924 2647 1157 2687 requireretur
1187 2646 1255 2676 BD
1424 2655 1462 2675 21
1489 2644 1636 2684 sperice]

102 2704 279 2743 spericitas
295 2702 356 2732 FB
460 2712 502 2741 25
526 2706 558 2732 et
576 2712 641 2731 0111.
662 2701 735 2731 MD
839 2709 881 2737 29
905 2698 1053 2739 videtur]
1070 2709 1100 2729 v.
1118 2698 1313 2729 necessario
1330 2697 1397 2727 BD
1501 2707 1542 2735 30
1567 2707 1640 2726 cor-

104 2755 254 2794 poralem
271 2765 337 2785 ουτ.
355 2754 389 2783 D

1657 1492 1692 1522 F.
1712 1500 1769 1530 107
1790 1502 1808 1521 a
1830 1500 1855 1521 2.

1654 1536 1730 1576 6721
1752 1544 1776 1564 1.
