1898 3126
975 91 1058 139 246

247 207 343 255 fine,
365 207 574 259 quoniam
602 205 827 259 proprium
861 211 927 246 est
961 204 1129 245 infinite
1158 203 1329 245 virtutis
1357 216 1487 257 agere
1519 202 1562 243 in
1594 201 1788 254 instanti,

247 282 289 316 et
321 276 421 316 ideo
452 275 486 316 si
519 275 655 315 virtus
688 274 813 315 finita
855 280 1006 327 ageret
1038 274 1080 313 in
1124 274 1317 324 instanti,
1347 278 1493 314 essent
1525 272 1702 325 equales
1743 277 1787 312 et

247 344 459 385 haberent
492 343 649 384 saltem
685 343 1078 396 comparacionem,
1109 343 1228 395 quod
1263 349 1329 383 est
1363 340 1645 394 impossibile.
1708 338 1787 381 Set

247 419 400 453 natura
438 425 572 465 agens
609 419 675 453 est
717 412 852 452 virtus
901 411 1034 460 finita,
1072 424 1175 465 ergo
1223 424 1310 451 non
1353 410 1558 463 producit
1598 409 1785 449 formam

245 481 584 522 substancialem
618 481 660 520 in
693 480 883 522 instanti.
947 479 991 520 Si
1023 493 1127 521 vero
1158 480 1328 521 dicatur
1365 480 1484 531 quod
1521 477 1786 527 Aristoteles
1806 493 1823 524 5

245 550 350 590 dicit
387 550 429 589 in
465 555 510 600 50
544 548 821 590 Pllz'sz'cornm
860 550 979 601 quod
1020 549 1250 601 generacio
1293 561 1379 588 non
1422 553 1489 587 est
1531 552 1677 587 motus
1718 553 1786 587 set

247 619 450 667 mutacio,
489 619 722 659 dicendum
757 623 819 657 est
862 618 981 670 quod
1016 624 1160 658 motus
1196 617 1382 658 sumitur
1417 614 1658 670 dupliciter,
1696 628 1784 656 uno

247 687 379 727 modo
402 700 480 738 pro
506 686 626 727 omni
654 686 1024 727 transmutacione
1055 686 1308 736 successiva,
1330 690 1373 725 et
1402 685 1463 725 sic
1493 683 1611 726 cadit
1637 690 1784 725 motus

245 756 287 795 in
313 755 576 796 diffinicione
608 756 831 807 temporis,
855 769 955 796 cum
987 755 1092 796 dicit
1123 756 1241 808 quod
1274 761 1450 807 tempus
1477 759 1544 794 est
1577 766 1785 793 numerus

246 829 389 863 motus
421 824 661 864 secundum
695 824 814 877 prius
846 830 890 865 et
921 824 1149 878 posterius,
1177 824 1294 865 unde
1325 830 1485 873 motus,
1513 828 1561 863 ut
1592 821 1709 862 cadit
1739 822 1782 862 in
1807 841 1844 862 10

244 892 507 933 diffinicione
529 893 749 946 temporis,
772 899 837 934 est
860 893 1159 946 propriissime
1182 898 1339 942 motus,
1362 899 1405 933 et
1434 892 1513 933 hec
1543 896 1609 932 est
1641 891 1784 943 prima

243 960 508 1013 significacio
532 968 674 1002 motus
697 968 740 1002 et
762 961 1026 1015 principalis.
1091 961 1150 1002 Et
1174 961 1272 1002 ideo
1296 974 1396 1001 cum
1417 959 1648 1014 generacio
1671 959 1781 1000 divi-

243 1030 361 1069 ditur
381 1030 620 1071 secundum
653 1030 911 1071 divisionem
946 1030 1169 1084 temporis,
1190 1035 1365 1082 oportet
1396 1029 1516 1082 quod
1548 1028 1781 1082 generacio

243 1099 297 1138 sit
315 1105 470 1149 motus,
484 1099 527 1139 id
545 1105 622 1149 est,
639 1101 954 1140 transmutacio
976 1099 1231 1140 successiva.
1280 1097 1359 1140 Set
1376 1099 1419 1138 in
1437 1102 1484 1150 5⁰
1501 1097 1781 1139 Plzisz'corum

243 1167 368 1208 aliter
389 1168 597 1221 accipitur
623 1175 770 1209 motus
797 1176 841 1210 et
864 1169 1082 1221 equivoce‚
1105 1168 1282 1217 scilicet,
1304 1181 1383 1221 pro
1407 1167 1781 1208 transmutacione
1804 1181 1839 1211 15

242 1249 328 1288 que
350 1242 414 1277 est
436 1251 461 1276 a
487 1237 686 1290 subjecto
708 1237 751 1277 in
774 1239 1033 1291 subjectum,
1051 1245 1099 1280 ut
1128 1238 1187 1279 ibi
1210 1237 1327 1287 dicit:
1351 1243 1395 1278 et
1417 1237 1500 1277 hoc
1523 1242 1591 1278 est
1613 1236 1778 1277 dictum

242 1319 267 1344 a
300 1304 499 1357 subjecto
532 1306 573 1345 in
606 1313 706 1347 actu
739 1313 782 1348 et
814 1307 1044 1360 affirmato,
1078 1308 1133 1348 ad
1166 1305 1411 1359 subjectum
1449 1305 1564 1346 idem
1597 1317 1780 1345 numero

242 1379 284 1413 et
321 1374 465 1426 specie
503 1374 547 1414 in
585 1382 686 1416 actu
724 1383 768 1416 et
802 1375 1081 1424 affirmatum,
1118 1383 1165 1416 ut
1202 1375 1245 1415 in
1285 1374 1548 1416 alteracione
1584 1373 1640 1414 ab
1677 1372 1779 1414 albo

215 1441 283 1482 ,in
330 1442 500 1495 nigrum
545 1441 593 1482 fit
636 1443 641 1496 Ι
684 1444 997 1484 transmutacio
1041 1458 1066 1484 a
1111 1443 1290 1484 Socrate
1320 1443 1422 1484 albo
1467 1443 1509 1482 in
1549 1440 1776 1482 Socratem

242 1510 425 1563 nigrum,
456 1516 499 1551 et
530 1510 573 1550 in
607 1511 687 1552 loci
722 1513 970 1552 mutacione
1002 1526 1026 1552 a
1062 1512 1241 1554 Socrate
1273 1512 1493 1553 existente
1524 1523 1695 1552 sursum
1723 1510 1778 1550 ad
1800 1524 1839 1545 20

243 1578 470 1619 Socratem
502 1577 663 1619 factum
698 1580 929 1630 deorsum3
975 1586 1017 1621 et
1051 1581 1092 1621 in
1124 1580 1492 1633 augmentacione
1533 1593 1558 1620 a
1596 1578 1779 1620 Socrate

242 1659 376 1699 parvo
409 1647 451 1686 in
485 1646 712 1688 Socratem
746 1662 969 1701 magnum.
1032 1648 1110 1690 Set
1142 1649 1185 1689 in
1216 1649 1468 1689 substancia
1497 1661 1583 1688 non
1613 1652 1679 1687 est
1703 1646 1777 1696 sic,

242 1715 344 1766 quia
373 1715 432 1755 ibi
462 1721 527 1756 est
555 1717 870 1758 transmutacio
892 1731 916 1757 a
939 1717 1137 1770 subjecto
1161 1718 1202 1757 in
1226 1717 1429 1770 potencia
1451 1716 1507 1756 ad
1529 1715 1777 1768 subjectum

241 1783 283 1822 in
325 1789 437 1833 actu,
476 1789 523 1823 ut
559 1798 585 1824 a
622 1798 780 1838 genere
817 1785 860 1825 in
902 1785 1106 1838 speciem,
1142 1799 1215 1826 seu
1253 1799 1277 1825 a
1315 1784 1529 1825 materiali
1566 1783 1777 1838 principio

241 1865 377 1904 usque
420 1852 464 1891 in
507 1866 600 1892 esse
642 1853 907 1906 specificum,
946 1854 1064 1906 quod
1107 1861 1173 1895 est
1215 1854 1425 1894 terminus
1466 1853 1775 1906 generacionis.
1797 1867 1835 1898 25

239 1921 342 1960 Non
375 1921 489 1960 enim
523 1927 589 1961 est
626 1921 684 1961 ibi
723 1923 1038 1964 transmutacio
1069 1937 1095 1963 a
1128 1922 1309 1963 Socrate
1344 1923 1386 1962 in
1425 1920 1664 1970 Socratem,
1699 1933 1776 1961 nec

239 1988 295 2028 ab
329 1988 477 2041 aliquo
516 1990 557 2028 in
595 1996 696 2030 actu
734 1991 789 2031 ad
823 1990 1013 2043 aliquem
1053 1992 1094 2031 in
1131 1999 1291 2040 actum,
1329 1996 1395 2031 set
1431 2004 1458 2031 a
1495 1989 1695 2044 potencia
1731 1989 1773 2028 in

239 2062 397 2097 actum.
462 2057 521 2097 Et
563 2058 624 2098 sic
661 2065 805 2100 motus
843 2067 1045 2113 sumptus
1088 2065 1154 2100 est
1195 2058 1425 2112 specialior
1465 2071 1598 2111 quam
1641 2057 1773 2111 prius,

239 2131 406 2164 artatur
438 2125 554 2164 enim
586 2127 902 2168 transmutacio
934 2127 1176 2168 successiva
1213 2128 1267 2168 ad
1305 2126 1552 2180 subjectum
1587 2126 1631 2165 in
1672 2132 1773 2166 actu

238 2191 449 2245 specifico.
512 2193 591 2234 Set
621 2195 809 2236 mutacio
839 2196 1043 2248 opposita
1070 2196 1210 2249 primo
1240 2195 1378 2236 motui
1406 2200 1472 2235 est
1502 2194 1546 2234 in
1578 2194 1771 2244 instanti,
1794 2207 1834 2238 30

239 2260 403 2300 nullam
436 2261 600 2301 habens
633 2263 950 2304 successionem
983 2264 1091 2304 sicut
1126 2263 1197 2304 ille
1234 2270 1387 2304 motus.
1465 2261 1545 2304 Set
1581 2263 1773 2303 mutacio

281 2392 302 2420 6
325 2392 580 2432 Phisicorum]
600 2403 629 2423 v,
649 2394 678 2424 8.
992 2403 1030 2431 14
1056 2392 1311 2433 Phisieorum]
1330 2404 1361 2423 v.
1381 2394 1432 2431 56.

280 2513 300 2540 3
318 2502 499 2543 haberent]
517 2504 659 2534 haberet
675 2504 710 2534 D
799 2504 878 2545 Set]
897 2505 933 2535 Si
952 2505 1053 2544 igitur
1069 2505 1102 2534 F
1195 2507 1215 2535 6
1232 2504 1282 2544 5⁰]
1302 2506 1334 2543 7⁰
1350 2504 1383 2534 F
1469 2514 1507 2534 12
1526 2508 1559 2534 et
1576 2503 1772 2544 principalis

236 2565 303 2584 om.
321 2554 362 2583 M
493 2565 532 2594 13
565 2555 785 2597 divisionem]
811 2557 1050 2587 diffinicionem
1076 2556 1110 2586 D
1236 2567 1274 2594 14
1300 2555 1427 2596 motus]
1460 2556 1636 2586 verissime
1660 2561 1771 2586 motus

238 2605 306 2634 DF
472 2606 505 2637 id
523 2606 590 2647 est]
610 2612 643 2637 et
659 2608 692 2637 F
880 2618 922 2638 22
947 2607 1157 2648 substancia]
1176 2607 1327 2647 subjecto
1344 2607 1377 2637 F
1524 2618 1564 2647 23
1590 2607 1768 2648 potencia]

237 2657 428 2694 potenciam
446 2657 479 2686 F
596 2659 637 2688 28
657 2659 723 2699 sic]
742 2660 790 2690 sic
808 2659 969 2690 alteracio
986 2659 1020 2689 D
1035 2672 1040 2690 ;
1066 2660 1115 2690 sic
1133 2660 1165 2690 in
1184 2659 1390 2690 alteracione
1408 2659 1440 2688 F
1557 2669 1600 2698 29
1622 2658 1768 2699 artatur]

235 2712 396 2745 apptatur
413 2708 445 2736 F
537 2719 641 2747 30—31
669 2710 777 2748 primo
796 2734 802 2741 .
823 2734 830 2741 .
851 2735 857 2741 .
875 2710 1020 2751 habens]
1039 2710 1095 2741 tali
1113 2715 1205 2741 motu
1222 2710 1321 2741 habet
1337 2710 1371 2739 D
1459 2720 1503 2749 30
1526 2709 1652 2750 primo]
1667 2710 1723 2740 tali
1740 2708 1773 2740 F

236 2767 275 2795 31
302 2758 388 2789 sicut
404 2758 459 2789 ille
476 2764 587 2790 motus
604 2770 669 2791 om.
688 2761 722 2790 F
848 2762 908 2792 Set
925 2761 1070 2792 mutacio
1087 2785 1094 2792 .
1116 2787 1121 2793 .
1143 2786 1148 2792 .
1168 2762 1358 2792 successiva
1375 2771 1441 2792 om.
1458 2761 1492 2790 D
