1877 3131
813 162 890 205 159

86 266 194 308 teles
227 267 341 307 enim
376 267 644 308 demonstrat
677 274 850 320 tempus
883 280 968 306 non
1001 280 1094 306 esse
1127 267 1167 306 in
1211 267 1368 315 anima,
1410 267 1615 320 quoniam

87 342 260 389 tempus
301 342 366 376 est
407 336 582 390 propria
624 349 825 376 mensura
868 340 1038 385 motus;
1070 341 1113 375 et
1156 342 1299 376 motus
1340 349 1424 375 non
1466 342 1531 375 est
1574 337 1613 375 in

86 404 241 454 anima,
265 417 383 458 ergo,
412 418 489 444 ηερ
519 412 703 458 tempus.
769 403 913 444 Stabit
942 403 1071 457 igitur
1095 404 1318 444 sentencia
1352 403 1612 451 Aristotelis,

86 479 130 513 et
151 472 378 514 evacuabit
399 471 627 514 fantasiam
650 486 735 525 que
757 472 945 512 innuitur
960 472 1001 511 in
1025 472 1166 512 verbis
1189 472 1569 513 Commentatoris.

48 549 65 580 5
146 542 271 591 Item,
303 542 339 582 si
367 541 513 582 anima
534 554 621 581 non
643 547 770 589 esset,
793 547 941 593 posset
966 547 1109 581 motus
1132 554 1236 589 esse,
1260 547 1303 580 et
1331 541 1390 580 ita
1413 547 1586 593 tempus
1608 554 1615 585 ;

85 623 203 664 ergo,
236 610 455 662 dependet
487 623 572 650 non
605 609 659 649 ab
689 610 845 650 anima.
910 608 988 650 Set
1022 609 1284 662 phantastici
1315 610 1465 649 dicunt
1497 610 1614 662 quod

84 678 164 719 hec
184 684 441 732 argumenta
469 678 711 731 procedunt
735 679 788 719 de
810 678 955 719 anima
981 678 1169 718 hominis
1200 677 1268 718 vel
1290 678 1415 727 bruti,
1439 685 1504 718 set
1527 691 1613 717 non

85 747 140 788 de
172 748 315 788 anima
350 748 512 797 mundi,
547 753 590 787 et
628 747 821 788 maxime
858 748 1098 787 secundum
1140 753 1458 802 argumentum.
1537 746 1615 787 Set

84 815 237 868 primo,
261 829 347 856 non
381 816 545 857 habent
577 815 632 856 ab
666 815 904 857 Aristotele
926 817 1117 856 animam
1150 816 1310 863 mundi,
1334 821 1399 856 set
1422 830 1446 855 a
1471 815 1614 855 Plato-

26 897 63 918 10
84 885 199 933 nicis‚
215 898 324 937 quos
342 885 569 939 impugnat
584 884 858 925 Aristoteles.
903 883 1118 935 Secundo,
1132 885 1368 925 secundum
1384 884 1614 924 veritatem

83 966 168 994 non
203 960 267 993 est
299 954 445 994 anima
478 954 642 1003 mundi,
665 953 870 1006 quoniam
904 967 989 993 non
1024 961 1136 994 esset
1167 953 1415 1005 vegetativa
1438 962 1615 1006 proptor

81 1022 303 1071 vilitatem,
331 1036 409 1063 nec
440 1028 585 1075 potest
614 1036 706 1063 esse
734 1023 879 1062 anima
911 1023 1116 1063 sensitiva
1143 1035 1220 1062 nec
1250 1021 1487 1069 racionalis,
1512 1023 1614 1074 quia

81 1097 184 1132 tunc
209 1093 395 1132 mundus
418 1097 531 1132 esset
552 1091 726 1141 animal,
748 1097 790 1131 et
813 1090 946 1131 homo
968 1090 1035 1131 vel
1058 1091 1203 1144 aliqua
1225 1091 1389 1144 species
1412 1089 1612 1130 animalis

83 1160 321 1210 racionalis,
339 1160 457 1212 quod
482 1166 547 1200 est
570 1160 805 1200 absurdum
829 1160 870 1200 in
896 1159 1172 1212 philosophia
1193 1174 1201 1210 ;
1231 1159 1298 1199 vel
1321 1159 1476 1199 saltem
1499 1167 1613 1199 esset

25 1239 62 1270 15
82 1228 326 1269 animatum
348 1228 622 1282 intelligibile
643 1235 826 1278 tantum,
849 1235 890 1269 et
923 1242 1008 1268 non
1036 1228 1248 1277 sensibile,
1275 1228 1389 1280 quod
1417 1227 1616 1267 similiter

83 1297 321 1338 absurdum
357 1303 435 1337 est.
499 1297 557 1337 Et
587 1297 758 1337 videtur
789 1311 881 1337 esse
914 1304 1062 1337 contra
1096 1296 1196 1337 fidei
1236 1296 1479 1345 veritatem,
1515 1296 1617 1348 quia

82 1372 185 1406 tunc
227 1367 416 1406 mundus
458 1366 567 1407 foret
610 1366 829 1419 particeps
865 1372 1011 1406 eterne
1043 1365 1194 1418 glorie,
1225 1365 1335 1405 sicut
1380 1365 1513 1405 homo
1549 1363 1617 1403 vel

83 1433 277 1487 angelus,
299 1435 415 1487 quod
439 1441 504 1475 est
527 1434 703 1475 omnino
727 1434 977 1487 inpossibile
998 1440 1041 1474 et
1064 1433 1370 1475 irracionabile.

142 1503 236 1543 Nec
277 1509 422 1556 potest
454 1503 536 1543 dici
569 1504 686 1556 quod
720 1503 864 1543 anima
898 1503 1047 1542 mundi
1081 1516 1164 1543 non
1197 1509 1261 1543 est
1293 1503 1440 1542 anima
1474 1502 1615 1542 tocius

24 1587 64 1609 20
84 1572 243 1619 mundi,
267 1578 331 1612 set
361 1572 441 1611 celi
466 1573 617 1621 tocius,
641 1579 715 1612 aut
742 1572 819 1611 celi
844 1573 981 1624 primi,
1005 1572 1106 1624 quia
1138 1578 1243 1611 tunc
1270 1577 1521 1624 sequeretur
1551 1571 1611 1609 in-

82 1642 342 1681 conveniens
364 1654 476 1682 nunc
499 1641 675 1691 dictum,
697 1642 815 1694 quod
839 1641 991 1690 celum,
1015 1641 1082 1680 vel
1113 1640 1312 1686 mundus,
1335 1646 1445 1680 esset
1473 1652 1614 1693 capax

82 1710 224 1751 future
265 1710 483 1750 felicitatis
522 1717 699 1762 propter
735 1709 1016 1758 intellectum,
1055 1710 1156 1762 quia
1191 1708 1332 1749 omnis
1363 1708 1614 1749 substancia

84 1777 358 1827 intellectiva,
401 1778 469 1818 vel
503 1778 668 1819 habens
706 1793 802 1819 eam
837 1779 900 1819 sui
938 1786 1122 1832 partem,
1164 1785 1230 1818 est
1271 1791 1412 1829 capax
1466 1784 1615 1817 eterne

83 1847 377 1897 beatitudinis,
402 1847 443 1887 id
467 1854 545 1894 est,
566 1855 667 1888 nata
689 1849 743 1887 ad
767 1847 888 1896 hanc,
913 1848 1030 1899 quod
1053 1860 1140 1887 non
1162 1846 1414 1886 conceditur
1435 1846 1490 1885 de
1512 1845 1616 1885 celo.

26 1930 63 1962 25
86 1916 210 1965 Item,
234 1917 422 1969 primum
453 1924 756 1969 argumentum
787 1929 872 1956 non
906 1922 1048 1968 potest
1071 1915 1193 1962 solvi,
1216 1915 1423 1966 quoniam
1446 1914 1479 1952 si
1502 1922 1616 1954 esset

84 1984 182 2025 talis
204 1985 363 2033 anima,
385 1997 470 2025 non
495 1992 608 2025 esset
628 1992 771 2025 motus
787 1985 827 2024 in
847 1998 908 2033 ea,
924 1984 1162 2024 secundum
1187 1996 1280 2023 esse
1303 1982 1427 2031 reale,
1451 1989 1493 2022 et
1516 1982 1614 2022 ideo

84 2066 162 2093 nec
184 2059 360 2105 tempus
383 2067 390 2102 ;
422 2060 568 2106 posset
591 2053 706 2092 enim
729 2066 822 2092 esse
846 2053 887 2092 in
913 2066 962 2092 ea
984 2052 1222 2092 secundum
1238 2050 1352 2090 viam
1369 2051 1612 2103 apprehen-

84 2122 233 2170 cionis,
256 2122 367 2161 sicut
393 2122 478 2161 alia
506 2121 830 2169 intellectibilia,
854 2128 919 2161 set
948 2121 1029 2161 hoc
1056 2135 1149 2161 esse
1176 2121 1217 2160 in
1249 2121 1394 2160 anima
1425 2126 1488 2160 est
1522 2132 1615 2159 esse

84 2190 323 2230 secundum
357 2189 473 2241 quid,
517 2195 559 2229 et
601 2202 685 2229 non
728 2189 991 2242 simpliciter,
1033 2202 1110 2229 nec
1151 2202 1244 2230 esse
1280 2189 1397 2242 quod
1431 2188 1614 2228 debetur

26 2273 65 2303 ς-,ο
84 2259 312 2308 accidenti,
334 2265 462 2310 prout
494 2265 559 2298 est
586 2258 629 2297 in
662 2271 740 2298 suo
773 2257 984 2310 subjecto,
1013 2259 1048 2298 si
1081 2258 1195 2297 enim
1225 2257 1308 2298 hoc
1331 2264 1455 2303 esset,
1479 2263 1582 2296 tunc
1607 2256 1611 2310 Ι
1632 2277 1671 2308 45
1692 2278 1709 2298 a
1730 2276 1754 2298 1.

84 2328 230 2367 omnia
251 2327 497 2367 accidencia
520 2339 604 2378 que
622 2326 921 2379 intelliguntur
943 2327 998 2367 ab
1019 2327 1164 2366 anima
1181 2332 1325 2367 essent
1341 2326 1587 2366 accidencia
1607 2326 1609 2379 l
1634 2334 1721 2376 1298
1735 2347 1751 2366 a
1770 2346 1798 2367 3.

85 2396 188 2449 ejus,
210 2402 253 2435 et
285 2397 325 2435 in
358 2409 420 2445 ea,
445 2396 564 2448 quod
595 2402 659 2435 est
693 2395 943 2449 inpossibile
973 2402 1016 2435 et
1047 2395 1243 2435 stultum.
1307 2395 1367 2435 Et
1401 2408 1476 2447 per
1501 2395 1611 2434 hanc

83 2467 198 2505 viam
222 2471 353 2517 patet,
376 2465 494 2517 quod
517 2464 621 2517 fingi
645 2477 731 2504 non
746 2470 903 2517 potest,
924 2464 1041 2516 quod
1060 2464 1206 2504 anima
1228 2464 1377 2504 mundi
1399 2464 1454 2504 sit
1473 2470 1614 2503 motor

85 2533 164 2574 celi
195 2534 283 2573 sive
313 2533 477 2583 mundi,
500 2534 560 2573 ita
590 2533 708 2585 quod
741 2539 916 2585 tempus
947 2533 1002 2572 sit
1034 2533 1075 2571 in
1107 2544 1172 2580 eo,
1200 2532 1312 2580 ideo,
1345 2545 1423 2572 nec
1456 2538 1612 2572 motus.

27 2615 65 2646 35
87 2603 214 2652 Item,
235 2602 379 2642 anima
410 2601 614 2651 humana,
636 2609 678 2642 et
710 2602 854 2642 anima
881 2600 1030 2640 mundi
1061 2600 1095 2640 si
1127 2606 1251 2649 esset,
1273 2606 1317 2640 et
1349 2606 1493 2640 motor
1520 2600 1612 2649 celi,

134 2741 170 2760 12
194 2730 373 2771 vilitatem]
393 2730 569 2760 utilitatem
588 2729 651 2759 FD
742 2738 778 2766 14
796 2727 930 2768 saltem]
948 2726 1057 2758 saltim
1076 2718 1115 2758 M
1199 2730 1235 2759 18
1259 2733 1292 2759 et
1309 2728 1558 2769 irracionabile]
1579 2735 1613 2758 et

87 2781 288 2812 irracionale
305 2781 348 2812 F:
375 2791 438 2812 om.
453 2781 488 2810 D
575 2791 611 2811 21
639 2781 691 2810 vel
709 2780 854 2810 mundus
870 2790 937 2810 om.
950 2779 1014 2809 FD
1102 2790 1142 2819 24
1169 2791 1234 2811 non
1252 2791 1315 2810 0111.
1338 2781 1369 2810 F
1453 2782 1494 2810 28
1518 2779 1614 2811 inte-l-

86 2833 260 2874 lectibilia]
279 2833 486 2864 intelliencia
503 2833 537 2863 D
669 2842 709 2872 33
736 2842 802 2862 non
819 2842 884 2863 om.
903 2831 937 2862 D
