1898 3126
845 125 928 167 243

118 238 248 277 super
269 231 472 277 quartum
500 224 591 267 Cclz·
607 231 650 264 et
668 225 836 266 Mundi
853 226 933 266 hoc
959 227 1073 266 idem
1104 226 1376 267 demonstrat
1399 241 1406 275 ;
1438 226 1645 278 quoniam

117 294 152 333 si
186 292 384 334 caliditas
416 293 527 346 ignis
560 300 702 346 potest
736 307 811 346 per
845 294 1171 347 corrupcionem
1206 294 1368 335 remitti
1406 295 1644 335 secundum

116 367 284 414 partem
327 361 532 414 aliquam,
573 368 717 402 stante
763 362 900 402 forma
945 361 1224 403 substanciali
1270 363 1450 414 integra,
1491 364 1643 403 eadem

116 430 288 470 racione
317 429 351 470 si
379 430 625 470 remittatur
659 431 898 471 secundum
933 429 1062 470 aliam
1098 437 1279 483 partem,
1307 438 1350 471 et
1385 431 1577 479 terciam,
1602 438 1645 471 et

80 515 96 546 5
116 499 257 539 omnis
289 498 531 538 remanebit
564 499 814 539 substancia
851 499 962 553 ignis
994 498 1116 539 illesa
1149 512 1235 539 non
1269 499 1460 539 remissa.
1525 499 1646 551 Ergo

114 573 261 620 posset
301 567 470 621 propria
513 567 658 620 passio
699 568 916 620 corrumpi
952 568 1160 615 totaliter,
1199 566 1399 619 subjecto
1441 574 1646 608 manente

115 637 157 675 in
185 641 298 684 actu,
321 636 440 688 quod
473 642 539 676 est
572 636 872 688 impossibile;
903 650 1039 689 quare
1074 636 1372 677 remissionem
1407 637 1643 677 accidentis

113 704 308 756 sequitur
330 703 527 744 remissio
549 704 795 745 substancie
812 704 995 756 subjecti
1018 705 1095 753 sui,
1120 711 1162 746 et
1190 705 1249 745 ita
1271 706 1327 745 ad
1349 704 1643 745 intencionem

113 772 342 813 accidentis
365 773 407 812 in
428 773 728 825 generacione,
750 780 925 827 oportet
958 786 1119 826 ponere
1145 775 1262 826 quod
1292 774 1420 814 simul
1444 780 1644 827 tempore

58 861 96 882 10
112 841 167 880 sit
195 841 382 880 intencio
407 841 667 882 substancie.
732 842 845 882 Item
876 842 1031 883 mixtio
1063 842 1377 882 contrariorum
1405 841 1643 883 elemento-

113 921 222 958 rum,
246 915 293 949 ut
323 907 398 950 fiat
431 910 621 949 mixtum
655 923 711 950 ex
743 911 814 960 eis,
842 910 890 950 fit
923 924 999 964 per
1032 911 1329 952 remissionem
1363 910 1638 950 miscibilium

113 977 155 1016 in
187 990 317 1017 unam
355 984 556 1018 naturam
594 979 879 1032 compositam
913 993 970 1020 ex
1003 979 1076 1019 eis.
1155 978 1234 1020 Set
1266 979 1299 1018 si
1333 978 1462 1019 nichil
1497 980 1641 1019 remit-

112 1051 275 1086 teretur
316 1046 397 1086 nisi
438 1046 636 1087 accidens
674 1060 729 1086 ex
772 1054 895 1099 parte
936 1061 1100 1098 eorum,
1142 1047 1308 1088 nullum
1352 1047 1640 1101 compositum

110 1120 391 1166 generaretur
434 1114 513 1154 nisi
558 1115 769 1163 accidens,
812 1129 916 1169 ergo
958 1115 1186 1169 generacio
1232 1116 1359 1156 mixti
1403 1129 1489 1156 non
1527 1122 1641 1156 esset

56 1202 90 1232 15
110 1182 337 1235 generacio
379 1182 641 1234 substancie,
673 1189 739 1224 set
780 1182 914 1225 solius
946 1184 1190 1235 accidentis,
1223 1185 1340 1236 quod
1380 1190 1445 1224 est
1479 1185 1639 1238 impos-

109 1251 244 1291 sibile.
308 1250 588 1305 Quapropter
610 1266 706 1293 cum
730 1252 979 1293 substancia
1008 1254 1011 1306 Ι
1040 1253 1181 1293 mixta
1203 1259 1447 1306 generatur,
1465 1260 1638 1306 oportet

110 1320 227 1371 quod
267 1320 493 1360 miscibilia
530 1321 808 1361 remittantur
850 1322 891 1360 in
933 1321 1192 1362 substanciis
1234 1322 1333 1371 suis,
1375 1327 1440 1362 set
1483 1321 1636 1362 eadem

110 1395 264 1428 natura
287 1389 522 1430 miscentur
543 1395 586 1429 et
606 1396 869 1443 generantur
890 1390 1150 1439 adinvicem,
1172 1404 1275 1443 ergo
1304 1390 1480 1442 quando
1503 1403 1636 1430 unum

109 1463 426 1498 transmutatur
461 1458 503 1497 in
540 1458 670 1506 aliud,
694 1464 740 1498 ut
772 1471 887 1511 aqua
920 1459 961 1497 in
995 1459 1151 1512 ignem,
1184 1459 1242 1499 ibi
1285 1459 1288 1511 1
1328 1459 1408 1499 erit
1441 1459 1637 1499 remissio

51 1543 89 1564 20
108 1526 355 1567 substancie
387 1527 497 1567 sicut
528 1527 774 1574 accidentis,
807 1533 850 1568 et
882 1527 981 1567 ideo
1012 1527 1190 1568 alterius
1227 1527 1476 1568 substancie
1507 1540 1639 1580 gene-

109 1594 233 1634 racio.
297 1594 429 1648 Quod
461 1595 495 1635 si
528 1595 740 1636 obiciatur
770 1595 1034 1636 Aristoteles
1067 1596 1108 1636 in
1140 1595 1497 1646 predicamentis,
1519 1597 1637 1649 quod

107 1663 355 1703 substancia
401 1676 487 1704 non
534 1664 712 1717 suscipit
763 1664 901 1718 magis
943 1671 985 1704 et
1029 1665 1195 1713 minus3
1242 1665 1475 1705 dicendum
1519 1666 1636 1717 quod

106 1732 296 1771 secunda
327 1733 577 1773 substancia
610 1738 756 1785 potest
788 1734 1030 1786 comparari
1060 1735 1114 1774 ad
1148 1733 1335 1786 primam
1362 1733 1404 1773 in
1433 1746 1521 1786 qua
1553 1734 1638 1773 due

106 1799 244 1851 prime
266 1800 333 1840 vel
357 1799 500 1853 plures
522 1801 793 1850 conveniunt,
818 1808 860 1841 et
883 1803 942 1841 sic
962 1808 1058 1843 tota
1079 1802 1326 1842 substancia
1350 1801 1422 1842 illa
1448 1803 1636 1842 secunda

49 1885 85 1915 25
105 1873 149 1908 et
185 1868 378 1909 totaliter
409 1876 475 1910 est
508 1870 550 1908 in
582 1869 778 1922 qualibet
815 1871 968 1922 prima,
999 1877 1045 1910 ut
1077 1870 1239 1911 animal
1270 1870 1312 1909 in
1343 1870 1426 1910 hoc
1456 1869 1634 1910 animali

105 1943 149 1978 et
185 1937 272 1987 illo,
310 1944 354 1978 et
396 1937 529 1978 homo
568 1939 610 1978 in
647 1939 729 1980 isto
766 1946 809 1980 et
850 1939 933 1979 illo.
1010 1940 1069 1979 Et
1105 1939 1188 1979 hoc
1224 1940 1327 1980 dicit
1370 1939 1556 1980 Boecius
1593 1940 1635 1979 in

104 2011 148 2060 30
169 2006 282 2047 libro
315 2006 627 2048 commentans
651 2015 775 2060 snper
803 2008 1142 2053 Pwimwenias,
1169 2015 1213 2049 et
1242 2008 1341 2048 ideo
1371 2008 1636 2049 Aristoteles

104 2075 209 2115 dicit
232 2075 275 2114 in
306 2074 651 2116 predicamentis
679 2077 794 2129 quod
824 2090 931 2116 unus
963 2076 1096 2117 homo
1128 2090 1213 2116 non
1243 2084 1306 2117 est
1340 2077 1479 2130 magis
1500 2077 1634 2118 homo

104 2157 236 2196 quam
265 2143 388 2194 alius,
409 2150 453 2184 et
482 2145 540 2184 sic
565 2145 705 2184 solum
736 2145 924 2186 intendit
946 2145 1209 2186 Aristoteles
1237 2146 1356 2199 quod
1384 2146 1634 2186 substancia

44 2230 83 2259 30
103 2225 190 2253 non
213 2212 392 2266 suscipit
415 2213 553 2266 magis
575 2219 618 2253 et
640 2214 796 2254 minus.

161 2280 308 2321 Aliter
348 2288 497 2334 potest
543 2282 788 2323 substancia
834 2282 1083 2323 universalis
1129 2282 1388 2323 considerari
1435 2283 1477 2322 in
1520 2283 1632 2323 linea

149 2446 162 2465 1
190 2438 269 2467 Geli
284 2440 322 2467 et
338 2437 487 2477 Mundi]
516 2438 558 2469 iv.
576 2447 659 2468 com.
679 2447 730 2476 32.
933 2448 970 2467 21
999 2439 1312 2479 predicamentis]
1329 2449 1356 2470 e.
1370 2439 1412 2470 de
1429 2440 1630 2472 substantia.

149 2585 161 2605 1
188 2575 364 2616 quoniam]
393 2577 480 2615 quod
499 2576 533 2606 D
751 2586 771 2615 3
800 2576 1035 2617 substanciali]
1064 2578 1284 2608 substanciali
1314 2589 1380 2609 non
1411 2579 1550 2609 remissa
1577 2584 1631 2609 set

102 2627 136 2656 D
281 2638 320 2658 10
343 2627 480 2667 mixtio]
500 2628 640 2657 mixtum
659 2627 693 2657 D
839 2638 873 2658 11
900 2633 936 2659 ut
954 2628 1028 2669 fiat]
1046 2628 1102 2659 ubi
1119 2628 1176 2659 D:
1201 2629 1258 2660 ubi
1275 2630 1311 2661 fit
1328 2630 1360 2660 F
1490 2640 1526 2668 17
1551 2631 1631 2661 sub-

101 2677 256 2718 stanciis]
275 2679 404 2709 naturis
421 2684 455 2709 et
471 2678 673 2709 substanciis
691 2678 725 2708 D
899 2680 936 2709 18
959 2680 1111 2720 quando]
1130 2681 1219 2720 quod
1236 2681 1269 2711 F
1438 2691 1480 2712 22
1505 2682 1628 2721 magis]

101 2730 206 2768 majus
222 2730 257 2760 D
360 2729 467 2770 quod]
485 2730 641 2770 quoniam
659 2730 727 2760 DF
834 2741 875 2770 23
899 2731 980 2771 qua]
999 2737 1160 2770 quantum
1177 2732 1232 2763 D:
1257 2743 1355 2772 quam
1373 2733 1406 2763 F
1511 2743 1554 2772 30
1577 2733 1627 2774 et]

98 2787 152 2812 aut
172 2781 205 2811 D

1660 1261 1696 1290 F.
1716 1268 1775 1290 110
1797 1271 1815 1291 a
1836 1272 1862 1292 2.

1659 1466 1782 1506 70b1e
