1898 3126
841 110 921 153 305

121 222 252 264 quam
276 209 515 260 brutorum,
534 217 577 251 et
599 210 711 251 circa
733 212 1064 263 generacionem
1090 214 1203 254 bruti
1228 228 1357 266 quam
1381 216 1641 268 plantarum,

121 285 164 319 et
186 279 285 319 ideo
306 279 340 319 si
363 279 405 318 in
427 279 587 332 plantis
613 292 698 319 non
720 279 918 320 accidant
942 288 1120 333 peccata
1142 288 1186 323 et
1209 290 1413 333 monstra,
1434 292 1537 326 tunc
1561 299 1638 327 nec

121 348 162 386 in
183 347 443 387 animalibus
465 354 508 387 et
535 347 728 387 maxime
752 349 792 387 in
813 348 1062 390 hominibus
1085 357 1276 391 monstra
1306 365 1391 392 non
1415 355 1638 406 permittet

120 421 284 456 natura.
336 414 395 455 Et
414 415 506 467 jam
530 422 652 469 patet
673 416 850 466 solucio,
865 418 966 470 quia
987 418 1097 458 bene
1120 419 1375 472 contingunt
1397 423 1637 463 consimilia

81 507 97 537 5
119 486 160 524 in
185 484 343 537 plantis
366 491 407 525 et
429 485 702 533 animalibus,
725 491 791 526 set
812 499 896 526 non
919 493 982 527 est
1004 493 1232 539 peccatum
1264 489 1305 528 in
1335 489 1507 542 plantis,
1527 491 1635 532 sicut

117 560 179 593 est
211 554 254 593 in
285 553 541 594 animalibus
568 560 743 607 propter
773 568 923 595 causas
955 555 1105 596 dictas.
1170 556 1341 598 Deinde
1371 565 1519 612 potest
1550 561 1633 601 dici

116 622 235 674 quod
256 628 560 674 argumentum
583 622 664 663 hoc
686 635 770 662 non
792 623 919 670 valet,
937 624 1036 665 licet
1057 631 1209 666 natura
1225 626 1281 667 sit
1299 627 1436 680 magis
1451 627 1634 669 sollicita

115 692 225 731 circa
265 691 485 731 hominem
528 698 623 740 etc.‚
665 699 812 732 tamen
850 699 1028 745 propter
1068 693 1341 735 nobilitatem
1383 696 1632 738 animalium

115 766 312 812 respectu
346 758 606 812 planitarum
638 768 680 800 et
714 767 892 813 propter
922 761 1193 803 nobilitatem
1219 763 1406 805 hominis
1438 773 1633 819 respectu
1654 773 1693 813 89
1712 784 1730 804 a
1751 783 1777 805 1.

61 848 96 869 ιο
114 829 354 878 brutorum,
382 828 594 868 difficilius
623 835 688 869 est
717 829 935 882 complere
966 829 1187 871 hominem
1221 846 1351 884 quam
1382 833 1555 875 brutum
1590 843 1632 876 et

113 897 272 937 animal
312 910 443 950 quam
486 896 694 950 plantam.
758 897 901 938 Cicius
937 900 1051 939 enim
1090 900 1449 953 impedimentum
1487 911 1632 956 potest

111 966 304 1006 accidere
335 967 376 1006 in
410 979 568 1018 magna
601 967 853 1018 operacione
880 974 922 1007 et
953 968 1085 1008 nobili
1116 982 1247 1021 quam
1281 969 1323 1010 in
1350 971 1500 1021 viliori,
1521 973 1631 1013 sicut

110 1041 230 1087 patet
272 1041 362 1075 tam
403 1035 445 1074 in
485 1034 782 1075 artificialibus
823 1048 954 1087 quam
998 1037 1039 1076 in
1079 1037 1358 1078 naturalibus.
1435 1040 1494 1080 Et
1534 1041 1630 1081 ideo

108 1103 253 1155 plures
284 1103 565 1144 enormitates
598 1104 853 1156 contingunt
882 1104 923 1143 in
949 1103 1045 1145 filiis
1071 1105 1296 1146 hominum
1325 1121 1455 1160 quam
1481 1109 1630 1150 bruto-

51 1190 86 1221 15
108 1186 216 1213 rum.
279 1172 395 1213 Nam
426 1177 493 1212 tot
523 1172 721 1212 videmus
752 1172 949 1213 homines
975 1173 1152 1215 claudos
1181 1176 1333 1217 surdos
1363 1176 1571 1230 gibbosos
1602 1193 1628 1219 a

107 1241 331 1282 nativitate
362 1247 405 1282 et
435 1240 528 1281 aliis
566 1241 891 1282 diversitatibus
924 1243 1112 1283 erroneis
1145 1243 1267 1291 lesos,
1301 1251 1344 1284 et
1375 1244 1625 1298 hujusmodi

106 1324 191 1352 non
213 1311 411 1351 videmus
439 1310 687 1363 contingere
717 1310 758 1349 in
788 1311 925 1350 brutis
957 1311 1037 1351 nisi
1068 1311 1294 1353 rarissime.
1356 1313 1414 1353 Et
1445 1314 1528 1354 hoc
1560 1322 1623 1355 est

106 1386 282 1435 propter
302 1379 576 1420 nobilitatem
600 1379 786 1419 hominis
807 1393 939 1431 quarn
963 1380 1134 1421 difficile
1156 1388 1221 1421 est
1243 1382 1462 1435 complere
1479 1390 1521 1423 et
1539 1396 1623 1424 non

105 1457 285 1503 propter
306 1449 423 1502 quod
449 1454 603 1489 natura
631 1448 686 1488 sit
717 1448 857 1488 minus
885 1447 1070 1489 sollicita
1091 1449 1159 1489 vel
1188 1450 1353 1502 aliquid
1384 1451 1622 1492 neclexerit

45 1533 83 1553 20
103 1519 145 1558 in
169 1518 250 1559 hac
272 1524 404 1571 parte.
467 1516 526 1556 Et
549 1516 647 1556 ideo
669 1516 793 1569 plura
815 1522 998 1569 peccata
1020 1517 1276 1570 contingunt
1306 1518 1348 1557 in
1376 1519 1622 1559 hominibus

101 1600 232 1640 quam
266 1587 308 1626 in
338 1585 488 1636 brutis,
519 1592 562 1625 et
594 1585 635 1624 in
667 1585 926 1626 animalibus
966 1599 1097 1638 quam
1134 1586 1175 1626 in
1210 1587 1382 1639 plantis,
1414 1588 1620 1640 quicquid

102 1654 216 1696 mala
259 1653 486 1695 translacio
526 1653 780 1694 Aristotelis
819 1660 862 1695 et
905 1653 1272 1695 Commentatoris
1323 1656 1514 1705 innuant,
1553 1657 1622 1697 vel

101 1723 241 1765 malus
262 1722 505 1763 intellectus
527 1735 703 1763 suarum
723 1722 1093 1764 translaccionum.
1148 1723 1206 1763 Et
1227 1724 1262 1763 si
1281 1731 1478 1765 asserunt
1501 1727 1620 1777 quod

98 1806 185 1834 non
222 1791 428 1833 vidissent
463 1791 506 1830 in
544 1791 790 1845 regionibus
820 1791 921 1842 suis,
950 1792 1148 1833 videmus
1180 1798 1326 1832 tamen
1358 1793 1618 1834 contrarium

40 1875 78 1906 25
99 1861 354 1913 contingere
396 1860 437 1900 in
481 1859 651 1909 effectu,
686 1866 727 1900 et
770 1859 870 1900 ideo
908 1859 1155 1913 hujusmodi
1197 1859 1468 1912 objecciones
1508 1875 1619 1902 vane

97 1936 210 1971 sunt.

157 2063 435 2117 <Capitulum
459 2070 524 2103 2¹¹¹.
581 2064 631 2102 de
643 2064 922 2116 generacione
933 2071 1014 2116 per
1034 2062 1326 2115 divisionem.)

155 2166 334 2206 Dictum
357 2172 422 2206 est
444 2165 575 2218 igitur
596 2166 650 2205 de
671 2166 955 2219 generacione
978 2166 1019 2205 in
1043 2166 1270 2206 universali
1294 2172 1336 2206 et
1359 2167 1401 2206 in
1423 2168 1611 2220 particu-

94 2235 170 2276 lari
193 2236 249 2276 de
270 2235 552 2287 generacione
574 2233 890 2274 elementorum
913 2241 956 2274 et
979 2235 1033 2275 de
1055 2234 1336 2286 generacione
1360 2235 1613 2286 mixtorum,

33 2323 74 2353 30
92 2310 135 2345 et
157 2304 212 2344 de
234 2303 516 2357 generacione
538 2302 786 2356 plantarum
809 2309 852 2343 et
873 2303 1100 2344 brutorum
1124 2310 1167 2343 et
1196 2303 1437 2355 hominum,
1458 2310 1501 2344 et
1524 2318 1610 2345 non

91 2373 231 2413 solum
253 2373 309 2412 de
330 2372 614 2425 generacione
643 2377 761 2411 recta
788 2378 855 2411 set
884 2371 938 2411 de
961 2384 1150 2419 erronea,
1174 2385 1287 2411 nunc
1315 2378 1462 2413 autem
1489 2386 1610 2413 com-

92 2440 251 2494 plenda
264 2447 365 2481 sunt
382 2441 470 2480 duo
491 2440 576 2480 alia
594 2440 649 2480 de
664 2440 943 2492 generacione
959 2440 1224 2481 animalium.
1278 2439 1479 2492 Quedam
1495 2441 1609 2481 enim

91 2516 327 2550 nascuntur
348 2523 404 2549 ex
427 2509 638 2549 divisione
671 2508 880 2556 animalis,
906 2514 953 2549 ut
979 2522 1077 2549 cum
1107 2508 1296 2562 anguilla
1324 2509 1541 2549 dividatur
1566 2510 1607 2549 in

90 2585 236 2632 partes
269 2579 458 2618 diversas
492 2577 731 2617 secundum
763 2577 1050 2625 latitudinem,
1077 2585 1222 2631 partes
1253 2577 1402 2618 vivunt
1432 2584 1474 2618 et
1507 2584 1607 2617 sunt

27 2664 67 2696 35
89 2647 303 2693 animalia,
344 2652 391 2685 ut
433 2643 695 2685 Aristoteles
737 2645 841 2685 dicit
883 2644 993 2685 libro
1029 2645 1096 2685 De
1135 2645 1327 2694 Am'7na3
1370 2653 1413 2687 et
1453 2646 1513 2686 sic
1553 2647 1608 2687 de

129 2780 170 2810 35
198 2772 252 2801 De
268 2768 421 2809 Anima]
446 2769 466 2799 i.
485 2768 536 2807 587
557 2778 609 2806 93.
