1898 3126
66 849 106 872 10

64 1539 107 1564 20

67 1883 106 1912 25

66 2225 111 2257 30

845 111 921 148 241

118 213 265 255 subito
311 226 365 253 an
412 211 652 252 successive
698 212 759 252 sic
806 218 1112 264 promoveatur
1160 210 1384 250 dubitacio
1427 216 1506 259 est,
1549 211 1650 263 quia

121 283 297 337 ponitur
328 281 384 321 ab
415 280 618 320 omnibus
648 280 766 332 quod
795 279 935 318 forma
966 278 1268 318 substancialis
1302 278 1518 318 inducitur
1554 284 1649 319 tota

123 353 165 392 in
208 349 401 390 instanti.
476 347 624 388 Primo
666 354 812 388 tamen
850 353 1025 400 oportet
1066 347 1301 387 excludere
1342 345 1649 387 alter-acionem

122 418 360 472 quamdam
403 431 489 469 que
533 417 600 457 hic
642 415 819 469 fingitur
856 423 958 456 ante
1010 415 1213 455 ultimum
1257 414 1425 453 exitum
1478 415 1649 454 termini

122 486 418 541 generacionis
449 486 490 526 in
524 499 630 533 esse,
654 491 700 525 ut
731 491 896 526 stemus
927 484 1067 524 solum
1103 484 1145 523 in
1178 483 1273 536 ipsa
1304 484 1487 523 veritate
1519 495 1649 536 gene—

124 556 314 597 racionis.
388 555 501 597 Cum
533 569 634 595 vero
667 560 822 594 natura
853 552 1152 595 substancialis
1184 551 1447 604 incompleta
1479 564 1650 604 promo-

122 631 247 666 vetur
279 630 326 665 ut
357 624 641 676 compleatur,
663 623 851 664 decurrit
883 622 962 662 hec
996 622 1308 662 transmutacio
1338 620 1430 673 ejus
1457 633 1481 659 a
1514 619 1652 673 gradu

124 693 390 747 incompleto
431 693 486 733 ad
534 693 716 745 gradum
765 691 1047 744 completum.
1131 690 1207 731 Set
1250 690 1319 730 isti
1362 690 1450 729 duo
1491 689 1652 742 gradus

125 762 313 804 extremi
335 767 435 802 sunt
457 761 651 814 ejusdem
683 760 863 814 generis,
886 759 1057 808 scilicet,
1080 759 1181 812 quia
1214 764 1314 799 sunt
1340 756 1653 798 substanciales

126 837 169 873 et
206 832 260 871 de
292 831 350 871 rei
392 830 656 880 substancia,
692 842 796 881 ergo
832 828 866 868 si
903 829 977 881 qui
1015 835 1115 869 sunt
1153 827 1284 867 medii
1322 827 1493 879 gradus,
1530 831 1654 865 erunt

124 899 324 941 similiter
349 898 676 948 substanciales‚
699 897 801 950 quia
833 898 1024 938 medium
1053 903 1117 938 est
1144 896 1339 948 ejusdem
1363 894 1533 948 generis
1554 905 1651 933 cum

125 969 347 1017 extremis,
391 974 439 1009 ut
480 968 662 1008 docetur
704 966 877 1007 decimo
919 965 1243 1019 filelhapllz'sz'cc.
1322 964 1452 1017 Ergo,
1487 961 1652 1002 nullum

123 1037 323 1078 accidens
358 1035 473 1077 cadit
515 1037 557 1075 in
594 1035 740 1075 medio
782 1035 892 1074 inter
928 1034 1007 1074 hec
1045 1040 1256 1075 extrema.
1335 1032 1411 1074 Set
1449 1030 1654 1072 alteracio

125 1119 210 1146 non
252 1112 317 1147 est
359 1106 438 1146 nisi
482 1105 594 1146 inter
633 1104 894 1151 aoeidencia,
935 1116 1052 1156 ergo,
1089 1102 1206 1143 nulla
1245 1108 1309 1143 est
1351 1102 1411 1142 ibi
1452 1099 1655 1142 alteracio

130 1176 384 1227 intercepta.
448 1174 575 1223 Item,
617 1173 652 1213 si
705 1172 1019 1226 disposiciones
1061 1171 1352 1212 accidentales
1393 1170 1656 1210 adderentur

125 1257 253 1297 super
304 1244 491 1296 primum
548 1243 732 1296 gradum
788 1241 978 1281 essencie
1030 1240 1264 1282 materialis
1316 1238 1654 1281 substancialem

126 1313 473 1365 promovendum
511 1312 716 1351 continue
753 1311 796 1350 in
833 1310 1032 1350 ultimum
1076 1310 1260 1362 gradum
1303 1306 1655 1354 substancialem‚

124 1387 167 1421 et
199 1395 265 1421 res
296 1386 499 1434 generata
528 1380 804 1433 componitur
833 1392 890 1418 ex
924 1379 1065 1432 primo
1097 1379 1233 1430 gradu
1261 1383 1303 1417 et
1330 1376 1497 1427 ultimo,
1520 1388 1656 1427 quero

125 1451 178 1490 de
215 1449 307 1490 istis
339 1450 493 1490 mediis
524 1449 732 1502 gradibus
763 1447 1120 1496 accidentalibus,
1152 1453 1227 1486 aut
1258 1447 1418 1487 cedunt
1451 1445 1492 1484 in
1524 1442 1655 1483 nichil

124 1519 240 1572 quod
288 1524 355 1559 est
396 1518 712 1566 inconveniens,
753 1523 829 1557 aut
871 1521 1157 1569 componetur
1197 1520 1452 1568 generatum
1497 1527 1553 1553 ex
1596 1513 1657 1553 eis

126 1601 223 1628 cum
256 1587 397 1641 primo
429 1587 567 1639 gradu
600 1593 644 1627 et
675 1585 844 1636 ultimo,
866 1591 908 1626 ct
941 1585 1000 1625 ita
1033 1584 1154 1624 fieret
1186 1583 1437 1624 substancia
1469 1597 1526 1624 ex
1559 1583 1656 1623 sub-

126 1657 292 1697 stancia
314 1661 357 1696 et
383 1655 620 1696 accidente.
683 1655 797 1694 Item
820 1654 1052 1706 loquamur
1081 1653 1136 1693 dc
1161 1652 1447 1706 generacione
1477 1650 1658 1703 alicujus

126 1725 281 1778 speciei
314 1739 371 1765 ex
404 1724 585 1765 materia
623 1723 858 1774 communi,
890 1728 937 1763 ut
969 1723 1023 1763 de
1054 1722 1339 1774 generacione
1371 1721 1496 1774 ignis,
1527 1726 1571 1760 et
1603 1720 1659 1760 sit

130 1794 202 1834 illa
235 1793 416 1834 materia
448 1792 692 1833 communis
735 1792 777 1831 in
815 1804 940 1844 aqua,
982 1798 1026 1832 et
1068 1789 1143 1831 fiat
1185 1790 1296 1842 ignis
1332 1802 1389 1828 ex
1431 1802 1544 1841 aqua
1585 1801 1661 1841 per

127 1862 455 1916 corrupcionem
479 1875 592 1914 aque
612 1867 655 1900 et
684 1859 688 1913 Ι
717 1860 997 1900 educcionem
1025 1859 1135 1911 ignis
1157 1859 1212 1898 de
1234 1858 1436 1911 potencia
1467 1857 1656 1897 materie.

129 1931 174 1972 Si
207 1931 339 1984 igitur
369 1931 530 1983 gradus
562 1930 674 1969 inter
706 1929 952 1981 potenciam
982 1928 1162 1968 materie
1186 1932 1229 1968 et
1259 1927 1428 1967 exitum
1455 1926 1657 1966 ultimum

127 2001 267 2040 forme
299 1997 601 2040 substancialis
634 1998 675 2037 in
707 2011 801 2037 esse
832 1997 887 2037 sit
918 1996 1134 2045 accidens,
1161 2001 1208 2036 ut
1240 1994 1450 2043 caliditas,
1475 2001 1520 2036 et
1550 1995 1660 2035 acci-

129 2070 238 2109 dens
270 2081 357 2108 non
389 2073 621 2108 renovatur
653 2067 733 2106 nisi
763 2079 840 2118 per
869 2066 1202 2106 renovacionem
1235 2065 1299 2106 sui
1329 2064 1526 2118 subjecti,
1559 2065 1661 2117 quia

130 2137 353 2191 proprium
402 2135 646 2188 subjectum
693 2135 925 2188 cujuslibet
974 2134 1212 2176 accidentis
1263 2134 1455 2188 precedit
1508 2140 1661 2174 natura

132 2208 275 2260 ipsum
313 2205 528 2253 accidens,
565 2219 668 2259 ergo
707 2205 823 2258 prius
860 2210 1013 2245 natura
1051 2204 1278 2245 inducetur
1319 2203 1378 2243 ibi
1418 2203 1661 2256 subjectum

132 2276 356 2330 proprium
380 2275 626 2316 caliditatis.
690 2273 768 2314 Set
789 2274 871 2314 hoc
898 2287 984 2314 non
1017 2279 1160 2327 potest
1186 2286 1281 2314 esse
1310 2272 1389 2312 nisi
1416 2272 1663 2312 substancia

131 2345 274 2395 igni53
313 2357 446 2396 quare
479 2342 729 2384 substancia
761 2343 869 2397 ignis
901 2343 1104 2397 precedet
1141 2348 1295 2383 natura
1327 2342 1483 2382 saltem
1516 2340 1662 2381 calidi—

174 2501 211 2520 12
236 2487 530 2528 Methaphisiee]
551 2499 583 2518 x.
603 2497 655 2525 22,
674 2498 723 2526 24.

178 2633 196 2652 2
220 2622 262 2653 ab
278 2622 432 2653 omnibus
448 2631 516 2651 om.
533 2618 596 2649 FD
750 2621 771 2649 6
793 2618 1028 2659 promovetur]
1047 2622 1282 2657 promoveatur
1298 2617 1329 2647 F
1474 2627 1494 2655 9
1518 2615 1664 2656 scilicet]

131 2679 183 2705 set
211 2673 246 2703 D
379 2673 456 2712 quia
484 2683 550 2702 om.
581 2670 614 2700 F
788 2681 826 2701 10
850 2670 898 2701 rei
926 2681 992 2701 om.
1019 2669 1052 2700 F
1217 2678 1254 2699 12
1280 2668 1388 2710 Ergo]
1418 2668 1508 2707 Ergo
1536 2678 1610 2698 cum
1639 2667 1672 2698 F

134 2735 171 2764 15
199 2724 459 2765 disposiciones]
493 2723 732 2765 deposiciones
759 2721 794 2752 D
1022 2722 1062 2752 16
1084 2720 1361 2761 substancialem]
1390 2720 1615 2750 substanciale
1641 2719 1673 2749 F

130 2787 171 2809 21
198 2776 290 2817 curn]
309 2782 421 2807 tamen
439 2775 473 2805 D
607 2785 647 2812 24
672 2779 705 2805 et
723 2773 798 2814 fiat]
816 2779 851 2804 ut
870 2774 927 2804 fiat
943 2773 977 2803 D

1682 1871 1803 1903 70a1.
