1898 3126
95 1121 136 1151 D.
154 1118 195 1150 66
213 1119 245 1150 b.

45 1190 83 1220 κ’.
108 1197 163 1219 111
180 1199 199 1219 a
219 1198 245 1219 2.

125 1258 248 1299 73b1.

1003 120 1086 162 252

268 226 438 266 termini
460 239 485 266 a
501 239 587 278 quo
605 231 647 265 et
664 223 940 276 generacioni
958 221 1129 262 termini
1148 222 1203 262 ad
1220 235 1351 274 quem
1370 222 1603 274 respondet
1626 222 1803 271 instans,

269 302 315 335 ut
353 300 417 335 est
455 294 551 335 finis
583 292 788 347 preteriti,
819 305 922 345 ergo
954 291 992 330 ei
1026 290 1108 331 sub
1139 290 1216 331 tali
1248 290 1421 331 racione
1450 304 1536 330 non
1566 290 1802 343 respondet

268 363 472 404 ultimum
495 377 587 404 esse
609 361 781 403 termini
803 374 828 400 a
850 373 952 413 quo,
974 372 1108 411 quare
1131 358 1332 399 ultimum
1360 373 1452 400 esse
1473 359 1646 399 termini
1670 372 1694 398 a
1716 372 1803 412 quo

268 445 353 472 non
396 431 718 472 mensurabitur
755 428 934 469 instanti
971 427 1091 481 quod
1128 433 1194 468 est
1231 427 1328 468 finis
1361 428 1586 481 temporis,
1622 433 1665 468 et
1703 427 1802 468 ideo

268 500 589 541 mensurabitur
612 500 707 552 ipso
731 504 930 551 tempore
952 497 1226 549 precedente.
1278 497 1338 537 Et
1355 511 1412 537 ex
1434 497 1516 538 hoc
1540 501 1660 549 patet
1683 496 1801 548 quod
1825 514 1844 545 5

268 570 383 610 racio
426 569 549 609 istius
590 567 827 622 posicionis
865 580 950 606 non
983 565 1118 606 habet
1150 565 1220 606 hic
1255 565 1414 615 locum,
1445 566 1549 618 quia
1591 566 1633 605 in
1665 571 1802 606 trans-

268 638 517 679 mutacione
544 636 843 690 generacionis
875 641 918 676 et
951 634 1248 687 corrupcionis
1274 648 1361 675 non
1394 641 1600 688 operatur
1625 634 1804 683 instans,

268 714 314 747 ut
337 713 402 747 est
429 705 689 759 principium
714 703 858 752 futuri,
882 704 940 744 sic
964 703 1080 743 enim
1104 701 1207 744 facit
1227 704 1283 744 ad
1306 703 1686 744 continuacionem
1709 716 1803 743 esse

266 775 399 828 ipsius
445 774 617 815 termini
660 773 714 814 ad
758 786 902 825 quem,
944 779 987 812 et
1031 784 1116 811 non
1159 772 1294 813 habet
1334 778 1581 824 respectum
1618 772 1674 812 ad
1712 771 1803 824 ejus

264 843 597 897 generacionem
641 841 786 894 aliquo
830 841 972 881 modo.
1038 840 1095 880 Et
1135 840 1423 893 proculdubio
1460 840 1688 881 diversitas
1730 838 1802 880 illa
1828 855 1863 877 10

267 912 469 953 instantis
493 925 578 951 non
607 911 823 951 sufficeret
846 916 892 949 ut
915 909 957 949 in
993 910 1148 950 eodem
1172 910 1352 950 instanti
1382 914 1525 950 essent
1548 909 1676 949 simul
1700 922 1802 949 con-

264 977 518 1019 tradictoria
548 991 662 1024 vera,
690 977 793 1029 quia
825 976 1051 1016 diversitas
1083 976 1279 1028 ejusdem
1312 975 1523 1028 temporis
1549 988 1635 1028 que
1665 975 1804 1027 major

265 1053 328 1087 est
356 1047 607 1087 diversitate
641 1046 843 1086 instantis
880 1059 967 1085 non
1000 1044 1186 1094 sufficit;
1232 1045 1368 1085 immo
1394 1051 1570 1097 oportet
1606 1045 1727 1096 quod
1761 1044 1803 1084 in

267 1128 352 1155 uno
375 1121 576 1168 tempore
607 1115 781 1154 diverso
809 1113 864 1153 sit
897 1112 1022 1153 albus
1051 1120 1094 1153 et
1118 1114 1159 1152 in
1182 1113 1266 1153 alio
1294 1112 1299 1167 Ι
1329 1126 1414 1154 non
1444 1113 1581 1154 albus.
1643 1112 1803 1152 Nullus

269 1184 383 1224 enim
407 1184 462 1224 de
485 1190 681 1237 tempore
703 1182 850 1234 aliquo
880 1182 1140 1223 concederet
1161 1182 1500 1223 contradictoria
1528 1180 1534 1236 Ι
1561 1195 1655 1222 6556
1686 1181 1728 1221 in
1750 1195 1802 1222 eo
1827 1196 1861 1228 15

268 1265 379 1302 vera,
412 1252 574 1292 necilli
607 1252 681 1304 qui
711 1251 821 1291 hanc
855 1250 1093 1290 stulticiam
1126 1249 1445 1291 fabricaverunt
1476 1251 1568 1291 ausi
1595 1248 1601 1305 Ι
1630 1249 1804 1290 fuerunt

271 1335 349 1362 nec
384 1326 621 1374 potuerunt
659 1319 774 1361 istud
815 1319 970 1366 dicere,
1005 1318 1109 1371 quia
1145 1324 1250 1360 tunc
1283 1325 1378 1360 tota
1408 1320 1568 1360 veritas
1605 1319 1804 1372 principii

271 1390 397 1442 primi
433 1389 603 1443 periret,
642 1401 721 1429 nec
756 1388 871 1427 enim
906 1387 1117 1427 verificari
1151 1394 1300 1439 posset
1338 1388 1380 1427 in
1414 1394 1614 1440 tempore
1647 1400 1724 1427 nec
1761 1387 1803 1426 in

270 1463 460 1509 instanti,
485 1468 528 1502 et
551 1462 647 1502 ideo
681 1474 906 1513 nunquam
934 1460 1115 1501 haberet
1138 1461 1378 1502 veritatem.
1443 1462 1502 1502 Et
1524 1461 1640 1502 istud
1665 1462 1803 1514 magis
1896 1459 1898 1531 J

269 1532 440 1584 patebit
462 1545 518 1571 ex
542 1529 735 1570 secunda
762 1529 984 1582 posicione
1006 1528 1128 1582 cujus
1150 1530 1308 1570 veritas
1331 1530 1512 1571 destruit
1535 1530 1668 1571 illam.
1825 1538 1863 1560 20

330 1600 509 1640 Ponitur
546 1599 678 1652 igitur
715 1598 772 1638 ab
810 1597 906 1637 aliis
944 1598 1062 1649 quod
1100 1598 1325 1651 corrupcio
1359 1599 1599 1639 successiva
1631 1598 1804 1639 termini

268 1683 293 1709 a
335 1680 423 1720 quo
461 1666 507 1708 fit
549 1667 591 1706 in
629 1666 775 1718 aliquo
813 1671 1022 1719 tempore,
1060 1672 1103 1706 et
1137 1667 1255 1720 quod
1290 1667 1332 1706 in
1365 1667 1557 1719 instanti,
1589 1668 1707 1720 quod
1740 1675 1805 1708 est

270 1737 479 1777 terminus
502 1736 615 1776 illius
638 1735 866 1788 temporis,
888 1734 964 1774 fiat
988 1735 1215 1787 corrupcio
1239 1735 1390 1784 finalis,
1412 1735 1470 1775 ita
1493 1736 1612 1788 quod
1635 1749 1720 1776 non
1749 1735 1804 1776 sit

269 1806 372 1845 dare
400 1804 577 1856 aliquod
613 1804 780 1844 instans
814 1804 855 1842 in
889 1817 976 1855 quo
1003 1804 1170 1844 dicatur
1199 1803 1378 1844 ultimus
1412 1804 1622 1844 terminus
1651 1819 1677 1845 a
1705 1818 1804 1857 quo,

269 1880 334 1914 set
360 1873 499 1913 solum
533 1872 678 1924 aliqua
711 1885 810 1925 pars
837 1871 1048 1924 temporis
1077 1873 1367 1913 mensurantis
1393 1879 1532 1913 totam
1561 1873 1803 1925 corrupcio-
1825 1885 1862 1916 25

270 1955 381 1982 nem.
458 1940 638 1980 Ponitur
679 1941 816 1980 eciam
865 1940 984 1993 quod
1024 1941 1066 1980 in
1100 1941 1254 1981 eodem
1297 1948 1496 1995 tempore
1536 1954 1718 1982 numero
1751 1941 1804 1981 sit

269 2010 499 2064 generacio
543 2009 787 2049 successiva
829 2009 1003 2049 termini
1039 2010 1094 2049 ad
1132 2023 1276 2062 quem,
1311 2016 1353 2050 et
1388 2010 1430 2049 in
1466 2010 1642 2050 instanti
1684 2009 1804 2050 dicto

269 2078 539 2132 compleatur
567 2078 809 2131 generacio,
832 2084 875 2118 et
901 2078 958 2118 sit
988 2078 1030 2117 in
1060 2092 1112 2118 eo
1141 2077 1319 2118 ultimus
1353 2079 1499 2118 exitus
1528 2079 1570 2117 in
1600 2091 1687 2118 non
1713 2091 1804 2118 esse

268 2147 441 2188 termini
464 2161 489 2186 a
511 2160 597 2198 quo
621 2152 663 2186 et
696 2146 840 2186 exitus
857 2145 1046 2199 primum
1071 2146 1113 2185 in
1137 2160 1231 2186 esse
1252 2147 1427 2186 termini
1459 2147 1514 2186 ad
1537 2160 1682 2199 quem.
1745 2145 1804 2186 Et

269 2216 341 2263 ita,
386 2216 429 2254 in
472 2214 545 2254 illo
589 2214 764 2254 instanti
803 2213 896 2266 jam
940 2220 1191 2267 corruptum
1235 2222 1301 2255 est
1337 2222 1379 2254 et
1419 2215 1511 2267 jam
1547 2220 1801 2267 generatum
1823 2229 1888 2259 30,

269 2290 362 2334 est;
416 2284 474 2323 ita
515 2283 633 2335 quod
678 2281 773 2321 finis
818 2288 964 2323 motus
1007 2283 1301 2335 corrupcionis
1331 2289 1396 2322 est
1438 2283 1480 2322 in
1526 2296 1591 2332 eo,
1626 2288 1669 2323 et
1709 2281 1803 2322 finis
1896 2266 1898 2278 Ι

271 2359 414 2393 motus
446 2350 755 2404 generacionis,
775 2351 849 2404 qui
874 2349 982 2391 fines
1006 2364 1092 2390 non
1117 2350 1279 2391 habent
1303 2363 1476 2402 nornen,
1498 2356 1562 2391 set
1594 2356 1804 2391 vocantur

270 2427 439 2462 motum
487 2433 579 2460 esse
630 2425 673 2458 et
731 2425 984 2471 corruptum
1039 2433 1132 2460 esse
1173 2425 1216 2460 et
1262 2426 1520 2472 generatum
1567 2432 1672 2459 esse.
1743 2419 1802 2458 Et

270 2489 445 2542 ponitur
478 2495 580 2527 tunc
611 2486 741 2538 juxta
772 2486 853 2527 hoc
893 2488 1012 2539 quod
1044 2493 1187 2528 motus
1224 2487 1518 2539 corrupcionis
1551 2494 1593 2528 et
1625 2500 1801 2540 genera—

314 2588 333 2617 3
357 2588 461 2617 quare
479 2577 632 2608 ultimum
651 2601 657 2607 .
677 2600 684 2607 .
705 2600 711 2607 .
730 2587 749 2607 a
766 2576 849 2616 quo]
870 2581 902 2607 et
919 2577 964 2607 ita
981 2577 1033 2608 D:
1059 2588 1124 2607 ont.
1145 2577 1177 2607 F
1302 2587 1321 2616 5
1347 2577 1611 2618 mensurabitur]
1631 2587 1801 2608 mensura-

270 2629 347 2660 bilis
364 2629 406 2659 Μ
576 2638 612 2666 13
639 2628 834 2659 diversitate
852 2628 1008 2659 instantis
1025 2639 1091 2660 om.
1110 2628 1145 2658 D
1324 2639 1359 2667 14
1384 2639 1452 2659 non
1468 2629 1580 2669 albus]
1598 2629 1640 2659 sit
1657 2629 1754 2668 niger
1768 2628 1803 2659 D

275 2691 310 2718 17
336 2680 442 2720 istud]
460 2679 539 2710 illud
557 2679 590 2709 F
805 2689 847 2717 23
873 2679 948 2720 fiat]
967 2680 1004 2710 fit
1021 2680 1055 2709 D
1225 2680 1352 2720 finalis]
1371 2680 1480 2711 finalis
1497 2680 1632 2711 termini
1648 2691 1667 2710 a
1684 2690 1752 2720 quo
1768 2680 1803 2710 D

270 2741 311 2769 24
337 2732 472 2762 ultimus
504 2730 685 2770 terminus]
719 2730 871 2761 ultimum
911 2740 988 2762 esse
1026 2731 1159 2761 termini
1192 2731 1226 2761 D
1244 2743 1252 2762 :
1296 2731 1434 2762 alterius
1468 2740 1544 2762 esse
1581 2732 1744 2762 terminus
1773 2731 1807 2760 F

272 2784 312 2812 28
338 2783 369 2813 in
388 2782 471 2823 non]
489 2787 521 2813 et
538 2792 606 2813 non
624 2782 656 2812 F
782 2792 825 2822 29
848 2782 960 2812 exitus
977 2782 1136 2822 primum]
1154 2783 1289 2813 ultimus
1306 2783 1419 2813 exitus
1437 2782 1510 2814 DF.
1528 2781 1569 2812 M
1581 2793 1660 2814 corr.
