1877 3131
797 98 869 136 181

12 259 14 266 y
69 209 266 262 tempori.
333 208 409 249 Set
430 209 554 259 linea,
576 208 831 262 superficieS,
855 217 898 251 et
920 224 1089 263 corpus,
1113 219 1213 253 sunt
1238 227 1435 255 mensure
1459 229 1597 256 rerum

69 291 152 332 que
186 290 271 317 non
304 277 466 318 habent
499 278 711 331 opposita,
744 284 787 319 et
819 278 918 319 ideo
951 292 1036 319 non
1069 286 1134 321 est
1165 282 1331 334 species
1363 283 1509 335 aliqua
1540 284 1600 324 eis

70 360 298 399 coequeva.

128 416 198 455 De
220 415 387 455 unitate
407 428 510 455 vero
531 415 598 454 evi
621 421 664 455 et
686 414 948 467 pluralitate,
975 416 1099 456 multi
1122 417 1276 458 famosi
1306 426 1467 469 errant,
1497 433 1597 460 cum

6 490 16 549 ᾗ
35 500 52 531 5
71 489 235 538 ponant
257 483 381 536 plura
402 497 482 524 eva
502 483 741 523 secundum
765 496 1006 533 numerum,
1025 492 1067 525 et
1085 499 1237 526 eorum
1263 487 1388 527 radix
1407 488 1598 540 ponendi

7 557 17 613 ’λ
71 559 137 594 est
170 551 290 600 falsa,
320 551 495 598 scilicet,
527 551 645 604 quod
680 565 806 592 evum
839 553 1034 605 sequitur
1063 553 1249 595 formam
1279 556 1391 596 sicut
1421 561 1600 610 tempus

5 621 16 662 j?
73 621 326 668 materiam3
359 627 402 661 et
425 620 535 665 ideo,
556 633 654 661 cum
678 619 819 661 forma
840 627 905 661 est
928 621 1097 663 diversa
1120 623 1162 662 in
1186 624 1327 674 rebus,
1350 631 1394 665 et
1418 625 1601 666 materia

72 698 138 733 est
160 703 245 731 una
266 703 458 736 nurnero,
475 696 576 729 tunc
594 689 704 730 sicut
726 695 900 743 tempus
923 696 989 731 est
1011 704 1145 732 unum
1174 705 1370 743 numero,
1388 694 1447 735 sic
1471 707 1599 734 evum

7 807 9 815 Α
73 767 138 802 est
167 758 402 811 multiplex
423 771 614 798 numero.
668 758 746 799 Set
774 765 926 800 contra
947 759 1031 800 hoc
1058 761 1226 813 posicio
1250 768 1329 813 est,
1354 763 1475 814 quod
1500 776 1600 816 pars

10 855 56 883 710
74 831 197 872 istius
219 828 374 869 radicis
396 841 475 880 pro
504 833 702 880 tempore
730 833 796 868 est
821 827 940 877 falsa,
965 834 1012 868 ut
1041 829 1159 882 prius
1189 830 1426 882 probatum
1456 838 1534 880 est,
1558 838 1602 871 et

73 900 184 947 ideo,
219 910 318 938 cum
347 902 517 949 partem
552 895 682 936 aliam
711 904 877 949 ponant
900 896 1066 950 relique
1099 899 1212 951 parti
1244 904 1455 952 tanquam
1496 913 1601 940 con-

8 1015 9 1018 *
74 968 331 1015 venientem,
368 971 511 1005 totum
555 964 634 1005 erit
675 978 901 1005 erroneum
944 967 1062 1019 quod
1095 966 1259 1008 dicunt.
1334 968 1460 1018 Item,
1500 969 1603 1021 quia

15 1041 17 1079 1
74 1037 301 1079 diversitas
331 1040 397 1074 est
425 1048 450 1074 a
483 1041 607 1086 parte
630 1033 783 1083 forme,
806 1040 848 1074 et
881 1047 947 1075 res
973 1048 1060 1076 non
1093 1035 1235 1076 solum
1258 1037 1606 1078 diversificantur

74 1103 313 1145 secundum
348 1100 532 1140 formam
572 1100 613 1139 in
647 1113 840 1149 numero,
877 1107 944 1141 set
977 1101 1019 1141 in
1053 1102 1198 1155 specie
1233 1110 1277 1144 et
1313 1117 1484 1156 genere,
1525 1104 1603 1143 erit

17 1192 55 1228 '15
74 1185 202 1214 evum
238 1169 512 1210 individuum
555 1168 892 1221 multiplicatum
925 1183 1003 1222 per
1034 1171 1198 1223 species
1234 1178 1278 1212 et
1311 1185 1472 1224 genera
1514 1185 1601 1212 non

75 1241 217 1283 solum
240 1253 318 1293 per
339 1237 574 1278 individua.
638 1237 764 1286 Item,
796 1238 799 1291 1
826 1251 954 1278 evum
977 1252 1074 1279 cum
1093 1240 1150 1279 sit
1167 1241 1403 1292 quantitas,
1419 1241 1604 1281 debetur
1624 1255 1663 1286 51
1685 1247 1704 1277 b
1725 1253 1751 1274 1-

77 1310 256 1352 materie
291 1315 333 1348 et
363 1320 447 1348 non
478 1307 646 1355 forme3
679 1319 779 1346 nam
807 1308 1029 1358 quantitas
1071 1308 1256 1348 debetur
1285 1309 1478 1357 materie,
1499 1323 1603 1362 qua-

17 1414 19 1419 .
74 1381 173 1422 litas
195 1379 345 1428 forme,
366 1377 606 1418 secundum
625 1376 743 1428 quod
766 1389 917 1416 omnes
937 1375 1102 1417 volunt.
1166 1377 1225 1417 Et
1257 1378 1436 1418 dantem
1470 1391 1607 1431 oppo-

76 1451 222 1500 situm,
246 1446 460 1498 contingit
474 1445 640 1486 salvare
658 1445 870 1486 unitatem
890 1445 955 1484 evi
973 1445 1065 1485 sine
1083 1445 1417 1487 inconveniente
1436 1462 1445 1495 3
1474 1453 1607 1499 atque

19 1536 59 1560 20
77 1525 219 1574 potest
255 1515 557 1562 demonstrari,
579 1514 661 1554 hoc
700 1514 845 1554 modo.
908 1513 955 1554 Si
980 1527 1112 1554 omne
1133 1514 1502 1556 dimensionatum
1527 1528 1606 1555 un-

76 1588 218 1640 dique,
241 1592 289 1626 ut
319 1597 490 1637 corpus,
520 1583 716 1624 excludit
746 1597 772 1623 a
803 1597 880 1623 sua
913 1596 1112 1623 mensura
1143 1597 1274 1624 omne
1300 1584 1430 1634 aliud,
1454 1591 1497 1624 et
1524 1584 1608 1624 hoc

78 1655 267 1708 undique
288 1653 529 1694 secundum
552 1665 729 1693 omnem
753 1651 1068 1692 dimensionem
1092 1664 1100 1701 ;
1132 1659 1175 1693 et
1204 1653 1320 1705 quod
1344 1653 1477 1694 habet
1499 1653 1608 1693 duas

79 1723 370 1765 dimensiones
402 1720 599 1762 similiter
630 1719 825 1761 excludit
858 1720 977 1760 aliud
1010 1721 1250 1761 secundum
1284 1735 1368 1768 eas,
1391 1729 1437 1762 ut
1461 1734 1609 1774 super-

79 1793 194 1835 ficies
214 1808 222 1840 3
254 1799 297 1833 et
312 1804 396 1844 que
411 1790 545 1830 habet
563 1803 693 1829 unam
709 1788 906 1830 excludit
924 1790 1163 1829 secundum
1183 1788 1186 1842 1
1211 1803 1307 1830 eam
1326 1803 1457 1830 omne
1479 1789 1609 1838 aliud,
1631 1799 1665 1829 1⁴¹.
1690 1807 1745 1828 101
1767 1808 1785 1827 a
1808 1805 1833 1827 ι.

20 1861 59 1910 ‘25
80 1868 126 1903 ut
148 1861 274 1910 linea,
297 1866 339 1900 et
368 1872 454 1899 non
477 1858 719 1899 excludunt
740 1857 852 1897 linea
882 1863 924 1897 et
946 1857 1196 1911 supelficies
1225 1858 1344 1898 aliud
1367 1858 1607 1899 secundum

20 1926 22 1975 1
80 1930 197 1972 illam
220 1943 353 1983 quam
376 1941 462 1968 non
484 1927 648 1968 habent
680 1926 1030 1974 dimensionem;
1063 1939 1181 1978 ergo,
1205 1928 1323 1978 quod
1351 1933 1469 1967 caret
1490 1926 1608 1967 omni

0 2010 10 2261 ι
80 1998 364 2047 dimensione,
396 2002 443 2036 ut
475 2003 675 2050 punctus
709 2008 795 2035 non
825 1994 1032 2035 excludet
1063 1994 1197 2035 alium
1229 2001 1441 2049 punctum
1474 2009 1499 2035 a
1531 2008 1610 2036 sua

0 2271 10 2312 i

0 2347 9 2381 Ι

0 2414 9 2446 Γ

0 2477 8 2515 l

0 1783 8 1841 v—
0 1641 9 1776 -vrvr-
12 1596 13 1601 „

20 2075 23 2102 ’ἰ
82 2080 294 2116 mensma,
326 2065 428 2118 quia
460 2077 545 2105 non
578 2063 710 2104 habet
744 2063 858 2103 unde
892 2063 1024 2103 faciat
1054 2063 1216 2115 aliquid
1249 2064 1410 2105 distaie
1442 2064 1498 2103 ab
1530 2076 1611 2112 ea;

21 2127 23 2158 ἶ
83 2147 198 2186 ergo,
221 2133 340 2173 locus
369 2130 495 2184 primi
518 2129 668 2183 puncti
692 2135 757 2169 est
788 2129 1068 2169 immediatus
1099 2130 1306 2176 secundo,
1327 2130 1436 2170 sicut
1459 2129 1611 2182 primo,

21 2219 64 2250 30
84 2204 193 2244 sicut
215 2201 381 2242 dictum
398 2205 465 2240 est
486 2199 606 2252 prius
623 2199 678 2238 de
699 2197 836 2246 lineis,
860 2204 1059 2251 respectu
1083 2197 1158 2238 lati
1181 2204 1224 2239 et
1246 2198 1464 2252 profundi,
1486 2205 1529 2238 et
1556 2198 1613 2238 de

84 2270 395 2325 superficiebus
431 2273 629 2321 respectu
664 2266 881 2320 profundi,
918 2267 1037 2319 quod
1071 2266 1201 2307 simul
1234 2267 1475 2307 secundum
1517 2265 1613 2306 illas

87 2339 178 2378 vias
199 2335 527 2388 compaciantur
548 2347 593 2374 se
615 2333 772 2387 plures.
852 2332 985 2385 Ergo,
1015 2345 1148 2372 unum
1171 2338 1236 2373 est
1262 2332 1335 2372 ubi
1358 2331 1547 2386 plurium
1570 2336 1614 2371 et

85 2406 349 2447 infinitorum
376 2409 648 2456 punctorum,
672 2401 774 2454 quia
799 2400 981 2441 debetur
1006 2400 1067 2441 eis
1096 2413 1173 2454 per
1201 2407 1403 2441 naturam
1430 2399 1614 2447 unionis,

87 2482 130 2517 et
152 2473 431 2522 indivisionis,
453 2477 497 2512 et
524 2470 791 2518 indistancie‚
814 2476 855 2510 et
879 2482 956 2522 per
982 2469 1274 2522 privacionem
1304 2468 1587 2510 dimensionis
1607 2481 1615 2515 ;

0 2556 10 2595 '3
27 2561 64 2593 35
86 2549 355 2598 quapropter
395 2554 493 2583 cum
540 2540 664 2593 plura
705 2539 896 2579 eviterna
948 2551 1034 2578 non
1082 2538 1246 2578 habent
1298 2538 1615 2577 dimensionem

4 2636 19 2662 i*
129 2684 147 2710 4
173 2670 284 2710 multi]
302 2669 395 2700 multi
412 2673 445 2699 et
466 2668 527 2697 ΓΙ)
627 2677 646 2705 5
672 2665 836 2705 ponendi]
856 2665 1013 2705 ponenda
1031 2665 1060 2693 F
1161 2675 1177 2702 7
1204 2663 1396 2704 materiam]
1414 2668 1566 2693 naturam
1584 2663 1618 2692 D

90 2733 129 2754 12
153 2722 248 2762 quia]
267 2722 295 2752 si
312 2721 390 2760 quia
405 2720 446 2750 M
601 2727 638 2757 15
663 2717 872 2748 individuum
891 2726 955 2748 om.
976 2716 1040 2745 Fl)
1160 2726 1200 2754 24
1225 2715 1391 2755 excludit]
1409 2715 1568 2746 excludat
1584 2713 1618 2743 D

90 2776 131 2804 26
155 2773 261 2814 illam]
278 2774 363 2804 viam
380 2772 444 2802 FD
556 2770 670 2810 quam]
688 2780 752 2808 qua
770 2769 804 2798 D
908 2777 949 2806 32
973 2768 1026 2808 se]
1045 2777 1160 2798 secum
1178 2767 1212 2796 D
