<?xml version="1.0" encoding="UTF-8"?>
<!DOCTYPE html PUBLIC "-//W3C//DTD XHTML 1.0 Transitional//EN"
    "http://www.w3.org/TR/xhtml1/DTD/xhtml1-transitional.dtd">
<html xmlns="http://www.w3.org/1999/xhtml" xml:lang="en" lang="en">
 <head>
  <title>
</title>
<meta http-equiv="Content-Type" content="text/html;charset=utf-8" />
  <meta name='ocr-system' content='tesseract 3.04.00' />
  <meta name='ocr-capabilities' content='ocr_page ocr_carea ocr_par ocr_line ocrx_word'/>
</head>
<body>
  <div class='ocr_page' id='page_1' title='image "./operahactenusine03baco_0046.png"; bbox 0 0 1877 3131; ppageno 0'>
   <div class='ocr_carea' id='block_1_1' title="bbox 960 140 1040 180">
    <p class='ocr_par' dir='ltr' id='par_1_1' title="bbox 960 140 1040 180">
     <span class='ocr_line' id='line_1_1' title="bbox 960 140 1040 180; baseline -0.025 -10"><span class='ocrx_word' id='word_1_1' title='bbox 960 140 1040 180; x_wconf 78' lang='lat'><strong>170</strong></span> 
     </span>
    </p>
   </div>
   <div class='ocr_carea' id='block_1_2' title="bbox 227 237 1766 508">
    <p class='ocr_par' dir='ltr' id='par_1_2' title="bbox 227 237 1766 508">
     <span class='ocr_line' id='line_1_2' title="bbox 227 237 1762 300; baseline -0.007 -11"><span class='ocrx_word' id='word_1_2' title='bbox 227 248 438 290; x_wconf 80' lang='lat' dir='ltr'><strong>stanciam</strong></span> <span class='ocrx_word' id='word_1_3' title='bbox 454 259 625 300; x_wconf 77' lang='lat' dir='ltr'><strong>semper</strong></span> <span class='ocrx_word' id='word_1_4' title='bbox 639 250 814 285; x_wconf 77' lang='lat' dir='ltr'><strong>maneat</strong></span> <span class='ocrx_word' id='word_1_5' title='bbox 829 244 871 283; x_wconf 89' lang='lat' dir='ltr'><strong>in</strong></span> <span class='ocrx_word' id='word_1_6' title='bbox 885 249 1097 296; x_wconf 88' lang='lat' dir='ltr'><strong>tempore,</strong></span> <span class='ocrx_word' id='word_1_7' title='bbox 1108 242 1218 282; x_wconf 87' lang='lat' dir='ltr'><strong>sicut</strong></span> <span class='ocrx_word' id='word_1_8' title='bbox 1233 239 1497 282; x_wconf 84' lang='lat' dir='ltr'><strong>Aristoteles</strong></span> <span class='ocrx_word' id='word_1_9' title='bbox 1512 238 1667 292; x_wconf 91' lang='lat' dir='ltr'><strong>querit.</strong></span> <span class='ocrx_word' id='word_1_10' title='bbox 1702 237 1762 277; x_wconf 85' lang='lat' dir='ltr'><strong>Et</strong></span> 
     </span>
     <span class='ocr_line' id='line_1_3' title="bbox 227 307 1762 369; baseline -0.008 -11"><span class='ocrx_word' id='word_1_11' title='bbox 227 316 492 358; x_wconf 88' lang='lat' dir='ltr'><strong>Aristoteles</strong></span> <span class='ocrx_word' id='word_1_12' title='bbox 514 315 657 369; x_wconf 83' lang='lat' dir='ltr'><strong>arguit</strong></span> <span class='ocrx_word' id='word_1_13' title='bbox 679 315 735 354; x_wconf 84' lang='lat' dir='ltr'><strong>ad</strong></span> <span class='ocrx_word' id='word_1_14' title='bbox 758 320 989 365; x_wconf 80' lang='lat' dir='ltr'><strong>utramque</strong></span> <span class='ocrx_word' id='word_1_15' title='bbox 1011 317 1178 365; x_wconf 82' lang='lat' dir='ltr'><strong>partem</strong></span> <span class='ocrx_word' id='word_1_16' title='bbox 1201 309 1573 358; x_wconf 84' lang='lat' dir='ltr'><strong>contradiccionis,</strong></span> <span class='ocrx_word' id='word_1_17' title='bbox 1595 307 1762 347; x_wconf 90' lang='lat' dir='ltr'><strong>dicens:</strong></span> 
     </span>
     <span class='ocr_line' id='line_1_4' title="bbox 229 376 1766 433; baseline -0.007 -6"><span class='ocrx_word' id='word_1_18' title='bbox 229 387 263 426; x_wconf 86' lang='lat' dir='ltr'><strong>si</strong></span> <span class='ocrx_word' id='word_1_19' title='bbox 286 386 402 427; x_wconf 87' lang='lat' dir='ltr'><strong>idem</strong></span> <span class='ocrx_word' id='word_1_20' title='bbox 426 385 591 424; x_wconf 83' lang='lat' dir='ltr'><strong>instans</strong></span> <span class='ocrx_word' id='word_1_21' title='bbox 614 383 853 423; x_wconf 88' lang='lat' dir='ltr'><strong>secundum</strong></span> <span class='ocrx_word' id='word_1_22' title='bbox 881 379 1179 421; x_wconf 82' lang='lat' dir='ltr'>substanciam</span> <span class='ocrx_word' id='word_1_23' title='bbox 1206 392 1377 433; x_wconf 81' lang='lat' dir='ltr'><strong>semper</strong></span> <span class='ocrx_word' id='word_1_24' title='bbox 1398 383 1586 426; x_wconf 83' lang='lat' dir='ltr'><strong>maneat,</strong></span> <span class='ocrx_word' id='word_1_25' title='bbox 1613 376 1658 416; x_wconf 92' lang='lat' dir='ltr'><strong>in</strong></span> <span class='ocrx_word' id='word_1_26' title='bbox 1678 388 1766 429; x_wconf 90' lang='lat' dir='ltr'><strong>quo</strong></span> 
     </span>
     <span class='ocr_line' id='line_1_5' title="bbox 229 444 1765 508; baseline -0.008 -12"><span class='ocrx_word' id='word_1_27' title='bbox 229 469 296 496; x_wconf 91' lang='lat' dir='ltr'><strong>res</strong></span> <span class='ocrx_word' id='word_1_28' title='bbox 318 453 511 508; x_wconf 84' lang='lat' dir='ltr'><strong>quelibet</strong></span> <span class='ocrx_word' id='word_1_29' title='bbox 533 465 710 507; x_wconf 83' lang='lat' dir='ltr'><strong>presens</strong></span> <span class='ocrx_word' id='word_1_30' title='bbox 732 456 811 503; x_wconf 83' lang='lat' dir='ltr'><strong>est,</strong></span> <span class='ocrx_word' id='word_1_31' title='bbox 837 457 939 491; x_wconf 90' lang='lat' dir='ltr'><strong>tunc</strong></span> <span class='ocrx_word' id='word_1_32' title='bbox 961 449 1110 490; x_wconf 83' lang='lat' dir='ltr'><strong>omnia</strong></span> <span class='ocrx_word' id='word_1_33' title='bbox 1132 448 1262 488; x_wconf 91' lang='lat' dir='ltr'><strong>simul</strong></span> <span class='ocrx_word' id='word_1_34' title='bbox 1284 454 1398 499; x_wconf 84' lang='lat' dir='ltr'><strong>sunt,</strong></span> <span class='ocrx_word' id='word_1_35' title='bbox 1416 453 1459 488; x_wconf 92' lang='lat' dir='ltr'><strong>et</strong></span> <span class='ocrx_word' id='word_1_36' title='bbox 1482 460 1568 499; x_wconf 90' lang='lat' dir='ltr'><strong>que</strong></span> <span class='ocrx_word' id='word_1_37' title='bbox 1590 444 1765 485; x_wconf 82' lang='lat' dir='ltr'><strong>fuerunt</strong></span> 
     </span>
    </p>
   </div>
   <div class='ocr_carea' id='block_1_3' title="bbox 230 506 1833 570">
    <p class='ocr_par' dir='ltr' id='par_1_3' title="bbox 230 506 1833 570">
     <span class='ocr_line' id='line_1_6' title="bbox 230 506 1833 570; baseline -0.007 -7"><span class='ocrx_word' id='word_1_38' title='bbox 230 524 273 563; x_wconf 90' lang='lat' dir='ltr'><strong>in</strong></span> <span class='ocrx_word' id='word_1_39' title='bbox 298 522 528 563; x_wconf 88' lang='lat' dir='ltr'><strong>millesimo</strong></span> <span class='ocrx_word' id='word_1_40' title='bbox 552 534 678 570; x_wconf 77' lang='lat' dir='ltr'><strong>anno,</strong></span> <span class='ocrx_word' id='word_1_41' title='bbox 697 527 738 560; x_wconf 90' lang='lat' dir='ltr'><strong>et</strong></span> <span class='ocrx_word' id='word_1_42' title='bbox 762 533 886 568; x_wconf 82' lang='lat' dir='ltr'><strong>nunc,</strong></span> <span class='ocrx_word' id='word_1_43' title='bbox 908 525 951 559; x_wconf 83' lang='lat' dir='ltr'><strong>et</strong></span> <span class='ocrx_word' id='word_1_44' title='bbox 974 519 1016 558; x_wconf 90' lang='lat' dir='ltr'><strong>in</strong></span> <span class='ocrx_word' id='word_1_45' title='bbox 1039 518 1184 558; x_wconf 84' lang='lat' dir='ltr'><strong>futuro</strong></span> <span class='ocrx_word' id='word_1_46' title='bbox 1207 530 1482 570; x_wconf 87' lang='lat' dir='ltr'><strong>quocunque,</strong></span> <span class='ocrx_word' id='word_1_47' title='bbox 1505 515 1608 568; x_wconf 81' lang='lat' dir='ltr'><strong>quia</strong></span> <span class='ocrx_word' id='word_1_48' title='bbox 1630 511 1760 554; x_wconf 89' lang='lat' dir='ltr'>nichil</span> <span class='ocrx_word' id='word_1_49' title='bbox 1788 526 1805 557; x_wconf 83' lang='lat'>5</span> <span class='ocrx_word' id='word_1_50' title='bbox 1828 506 1833 560; x_wconf 67' lang='lat'><strong>3⁴</strong></span> 
     </span>
    </p>
   </div>
   <div class='ocr_carea' id='block_1_4' title="bbox 231 585 1767 712">
    <p class='ocr_par' dir='ltr' id='par_1_4' title="bbox 231 585 1767 712">
     <span class='ocr_line' id='line_1_7' title="bbox 231 585 1765 645; baseline -0.006 -13"><span class='ocrx_word' id='word_1_51' title='bbox 231 598 296 632; x_wconf 88' lang='lat' dir='ltr'><strong>est</strong></span> <span class='ocrx_word' id='word_1_52' title='bbox 329 604 507 645; x_wconf 78' lang='lat' dir='ltr'><strong>presens</strong></span> <span class='ocrx_word' id='word_1_53' title='bbox 545 590 625 630; x_wconf 87' lang='lat' dir='ltr'><strong>nisi</strong></span> <span class='ocrx_word' id='word_1_54' title='bbox 662 590 704 629; x_wconf 91' lang='lat' dir='ltr'><strong>in</strong></span> <span class='ocrx_word' id='word_1_55' title='bbox 746 589 935 636; x_wconf 74' lang='lat' dir='ltr'><strong>instanti,</strong></span> <span class='ocrx_word' id='word_1_56' title='bbox 967 592 1010 626; x_wconf 91' lang='lat' dir='ltr'><strong>et</strong></span> <span class='ocrx_word' id='word_1_57' title='bbox 1045 587 1144 626; x_wconf 91' lang='lat' dir='ltr'><strong>ideo</strong></span> <span class='ocrx_word' id='word_1_58' title='bbox 1181 587 1215 626; x_wconf 90' lang='lat' dir='ltr'><strong>si</strong></span> <span class='ocrx_word' id='word_1_59' title='bbox 1247 585 1363 626; x_wconf 89' lang='lat' dir='ltr'><strong>idem</strong></span> <span class='ocrx_word' id='word_1_60' title='bbox 1397 586 1563 626; x_wconf 83' lang='lat' dir='ltr'><strong>instans</strong></span> <span class='ocrx_word' id='word_1_61' title='bbox 1595 595 1765 637; x_wconf 87' lang='lat' dir='ltr'><strong>semper</strong></span> 
     </span>
     <span class='ocr_line' id='line_1_8' title="bbox 231 654 1767 712; baseline -0.007 -11"><span class='ocrx_word' id='word_1_62' title='bbox 231 667 379 701; x_wconf 83' lang='lat' dir='ltr'><strong>manet</strong></span> <span class='ocrx_word' id='word_1_63' title='bbox 393 661 434 700; x_wconf 91' lang='lat' dir='ltr'><strong>in</strong></span> <span class='ocrx_word' id='word_1_64' title='bbox 452 660 533 700; x_wconf 88' lang='lat' dir='ltr'><strong>isto</strong></span> <span class='ocrx_word' id='word_1_65' title='bbox 549 665 746 712; x_wconf 90' lang='lat' dir='ltr'><strong>tempore</strong></span> <span class='ocrx_word' id='word_1_66' title='bbox 763 664 804 696; x_wconf 89' lang='lat' dir='ltr'><strong>et</strong></span> <span class='ocrx_word' id='word_1_67' title='bbox 820 669 905 696; x_wconf 88' lang='lat' dir='ltr'><strong>non</strong></span> <span class='ocrx_word' id='word_1_68' title='bbox 922 655 1057 709; x_wconf 78' lang='lat' dir='ltr'><strong>plura,</strong></span> <span class='ocrx_word' id='word_1_69' title='bbox 1069 661 1173 696; x_wconf 80' lang='lat' dir='ltr'><strong>tunc</strong></span> <span class='ocrx_word' id='word_1_70' title='bbox 1184 654 1390 708; x_wconf 87' lang='lat' dir='ltr'><strong>quicquid</strong></span> <span class='ocrx_word' id='word_1_71' title='bbox 1407 654 1543 694; x_wconf 87' lang='lat' dir='ltr'><strong>habet</strong></span> <span class='ocrx_word' id='word_1_72' title='bbox 1557 664 1652 693; x_wconf 87' lang='lat' dir='ltr'><strong>esse</strong></span> <span class='ocrx_word' id='word_1_73' title='bbox 1666 664 1767 705; x_wconf 91' lang='lat' dir='ltr'><strong>pre-</strong></span> 
     </span>
    </p>
   </div>
   <div class='ocr_carea' id='block_1_5' title="bbox 230 719 1829 776">
    <p class='ocr_par' dir='ltr' id='par_1_5' title="bbox 230 719 1829 776">
     <span class='ocr_line' id='line_1_9' title="bbox 230 719 1829 776; baseline -0.006 -7"><span class='ocrx_word' id='word_1_74' title='bbox 230 728 474 769; x_wconf 80' lang='lat' dir='ltr'><strong>sencialiter</strong></span> <span class='ocrx_word' id='word_1_75' title='bbox 491 734 556 768; x_wconf 85' lang='lat' dir='ltr'><strong>est</strong></span> <span class='ocrx_word' id='word_1_76' title='bbox 580 728 622 766; x_wconf 88' lang='lat' dir='ltr'><strong>in</strong></span> <span class='ocrx_word' id='word_1_77' title='bbox 646 728 729 767; x_wconf 92' lang='lat' dir='ltr'><strong>isto</strong></span> <span class='ocrx_word' id='word_1_78' title='bbox 751 725 943 765; x_wconf 77' lang='lat' dir='ltr'><strong>instanti.</strong></span> <span class='ocrx_word' id='word_1_79' title='bbox 1009 723 1086 764; x_wconf 84' lang='lat' dir='ltr'><strong>Set</strong></span> <span class='ocrx_word' id='word_1_80' title='bbox 1109 737 1194 776; x_wconf 89' lang='lat' dir='ltr'><strong>que</strong></span> <span class='ocrx_word' id='word_1_81' title='bbox 1217 730 1318 764; x_wconf 91' lang='lat' dir='ltr'><strong>sunt</strong></span> <span class='ocrx_word' id='word_1_82' title='bbox 1340 724 1383 763; x_wconf 87' lang='lat' dir='ltr'><strong>in</strong></span> <span class='ocrx_word' id='word_1_83' title='bbox 1406 722 1562 763; x_wconf 89' lang='lat' dir='ltr'><strong>eodem</strong></span> <span class='ocrx_word' id='word_1_84' title='bbox 1585 719 1766 761; x_wconf 86' lang='lat' dir='ltr'><strong>instanti</strong></span> <span class='ocrx_word' id='word_1_85' title='bbox 1826 755 1829 767; x_wconf 75' lang='grc'>,</span> 
     </span>
    </p>
   </div>
   <div class='ocr_carea' id='block_1_6' title="bbox 229 790 1770 1323">
    <p class='ocr_par' dir='ltr' id='par_1_6' title="bbox 229 790 1770 1323">
     <span class='ocr_line' id='line_1_10' title="bbox 229 790 1767 849; baseline -0.007 -11"><span class='ocrx_word' id='word_1_86' title='bbox 229 804 331 838; x_wconf 91' lang='lat' dir='ltr'><strong>sunt</strong></span> <span class='ocrx_word' id='word_1_87' title='bbox 349 797 490 848; x_wconf 82' lang='lat' dir='ltr'><strong>simul,</strong></span> <span class='ocrx_word' id='word_1_88' title='bbox 504 810 619 849; x_wconf 82' lang='lat' dir='ltr'><strong>ergo,</strong></span> <span class='ocrx_word' id='word_1_89' title='bbox 633 795 792 835; x_wconf 73' lang='lat' dir='ltr'><strong>omnia,</strong></span> <span class='ocrx_word' id='word_1_90' title='bbox 806 793 1155 846; x_wconf 53' lang='lat' dir='ltr'><strong>quandocunque</strong></span> <span class='ocrx_word' id='word_1_91' title='bbox 1172 799 1273 833; x_wconf 89' lang='lat' dir='ltr'><strong>sunt</strong></span> <span class='ocrx_word' id='word_1_92' title='bbox 1291 793 1333 832; x_wconf 88' lang='lat' dir='ltr'><strong>in</strong></span> <span class='ocrx_word' id='word_1_93' title='bbox 1351 805 1430 833; x_wconf 88' lang='lat' dir='ltr'><strong>suo</strong></span> <span class='ocrx_word' id='word_1_94' title='bbox 1447 790 1649 845; x_wconf 82' lang='lat' dir='ltr'><strong>presenti,</strong></span> <span class='ocrx_word' id='word_1_95' title='bbox 1666 795 1767 830; x_wconf 89' lang='lat' dir='ltr'><strong>sunt</strong></span> 
     </span>
     <span class='ocr_line' id='line_1_11' title="bbox 230 858 1767 918; baseline -0.006 -12"><span class='ocrx_word' id='word_1_96' title='bbox 230 865 372 917; x_wconf 83' lang='lat' dir='ltr'><strong>simul,</strong></span> <span class='ocrx_word' id='word_1_97' title='bbox 394 866 512 918; x_wconf 86' lang='lat' dir='ltr'><strong>quod</strong></span> <span class='ocrx_word' id='word_1_98' title='bbox 545 871 611 904; x_wconf 88' lang='lat' dir='ltr'><strong>est</strong></span> <span class='ocrx_word' id='word_1_99' title='bbox 643 863 905 917; x_wconf 83' lang='lat' dir='ltr'><strong>inpossibile.</strong></span> <span class='ocrx_word' id='word_1_100' title='bbox 969 861 1047 902; x_wconf 84' lang='lat' dir='ltr'><strong>Set</strong></span> <span class='ocrx_word' id='word_1_101' title='bbox 1079 862 1122 901; x_wconf 94' lang='lat' dir='ltr'><strong>in</strong></span> <span class='ocrx_word' id='word_1_102' title='bbox 1154 862 1419 902; x_wconf 85' lang='lat' dir='ltr'><strong>contrarium</strong></span> <span class='ocrx_word' id='word_1_103' title='bbox 1452 860 1594 914; x_wconf 84' lang='lat' dir='ltr'><strong>arguit</strong></span> <span class='ocrx_word' id='word_1_104' title='bbox 1616 859 1695 900; x_wconf 85' lang='lat' dir='ltr'><strong>sic:</strong></span> <span class='ocrx_word' id='word_1_105' title='bbox 1733 858 1767 897; x_wconf 89' lang='lat' dir='ltr'><strong>si</strong></span> 
     </span>
     <span class='ocr_line' id='line_1_12' title="bbox 233 927 1769 981; baseline -0.006 -6"><span class='ocrx_word' id='word_1_106' title='bbox 233 936 395 975; x_wconf 79' lang='lat' dir='ltr'><strong>instans</strong></span> <span class='ocrx_word' id='word_1_107' title='bbox 416 934 533 974; x_wconf 82' lang='lat' dir='ltr'><strong>aliud</strong></span> <span class='ocrx_word' id='word_1_108' title='bbox 557 939 599 973; x_wconf 91' lang='lat' dir='ltr'><strong>et</strong></span> <span class='ocrx_word' id='word_1_109' title='bbox 621 932 737 972; x_wconf 80' lang='lat' dir='ltr'><strong>aliud</strong></span> <span class='ocrx_word' id='word_1_110' title='bbox 756 939 833 981; x_wconf 80' lang='lat' dir='ltr'><strong>est,</strong></span> <span class='ocrx_word' id='word_1_111' title='bbox 851 938 954 972; x_wconf 86' lang='lat' dir='ltr'><strong>tunc</strong></span> <span class='ocrx_word' id='word_1_112' title='bbox 977 930 1169 971; x_wconf 87' lang='lat' dir='ltr'><strong>secundo</strong></span> <span class='ocrx_word' id='word_1_113' title='bbox 1192 930 1452 970; x_wconf 80' lang='lat' dir='ltr'><strong>adveniente</strong></span> <span class='ocrx_word' id='word_1_114' title='bbox 1474 927 1769 981; x_wconf 86' lang='lat' dir='ltr'><strong>corrumpitur</strong></span> 
     </span>
     <span class='ocr_line' id='line_1_13' title="bbox 230 996 1768 1056; baseline -0.005 -13"><span class='ocrx_word' id='word_1_115' title='bbox 230 1005 358 1056; x_wconf 86' lang='lat' dir='ltr'><strong>prius,</strong></span> <span class='ocrx_word' id='word_1_116' title='bbox 376 1009 441 1043; x_wconf 91' lang='lat' dir='ltr'><strong>set</strong></span> <span class='ocrx_word' id='word_1_117' title='bbox 471 1015 556 1041; x_wconf 88' lang='lat' dir='ltr'><strong>non</strong></span> <span class='ocrx_word' id='word_1_118' title='bbox 589 1002 631 1041; x_wconf 87' lang='lat' dir='ltr'><strong>in</strong></span> <span class='ocrx_word' id='word_1_119' title='bbox 662 1015 720 1052; x_wconf 82' lang='lat' dir='ltr'><strong>se,</strong></span> <span class='ocrx_word' id='word_1_120' title='bbox 742 1001 844 1053; x_wconf 75' lang='lat' dir='ltr'><strong>quia</strong></span> <span class='ocrx_word' id='word_1_121' title='bbox 870 999 1099 1052; x_wconf 80' lang='lat' dir='ltr'><strong>quodlibet</strong></span> <span class='ocrx_word' id='word_1_122' title='bbox 1126 1005 1274 1039; x_wconf 69' lang='lat' dir='ltr'><strong>manet</strong></span> <span class='ocrx_word' id='word_1_123' title='bbox 1303 1005 1346 1038; x_wconf 87' lang='lat' dir='ltr'><strong>et</strong></span> <span class='ocrx_word' id='word_1_124' title='bbox 1376 1005 1441 1039; x_wconf 82' lang='lat' dir='ltr'><strong>est</strong></span> <span class='ocrx_word' id='word_1_125' title='bbox 1464 998 1507 1037; x_wconf 88' lang='lat' dir='ltr'><strong>in</strong></span> <span class='ocrx_word' id='word_1_126' title='bbox 1529 1011 1575 1038; x_wconf 88' lang='lat' dir='ltr'><strong>se</strong></span> <span class='ocrx_word' id='word_1_127' title='bbox 1605 1009 1692 1037; x_wconf 91' lang='lat' dir='ltr'><strong>non</strong></span> <span class='ocrx_word' id='word_1_128' title='bbox 1726 996 1768 1035; x_wconf 90' lang='lat' dir='ltr'><strong>in</strong></span> 
     </span>
     <span class='ocr_line' id='line_1_14' title="bbox 229 1064 1769 1122; baseline -0.005 -10"><span class='ocrx_word' id='word_1_129' title='bbox 229 1072 313 1113; x_wconf 82' lang='lat' dir='ltr'><strong>alio</strong></span> <span class='ocrx_word' id='word_1_130' title='bbox 333 1072 508 1111; x_wconf 77' lang='lat' dir='ltr'><strong>instanti</strong></span> <span class='ocrx_word' id='word_1_131' title='bbox 528 1071 746 1119; x_wconf 89' lang='lat' dir='ltr'><strong>continuo,</strong></span> <span class='ocrx_word' id='word_1_132' title='bbox 760 1070 861 1122; x_wconf 73' lang='lat' dir='ltr'><strong>quia</strong></span> <span class='ocrx_word' id='word_1_133' title='bbox 878 1082 963 1109; x_wconf 87' lang='lat' dir='ltr'><strong>non</strong></span> <span class='ocrx_word' id='word_1_134' title='bbox 982 1075 1082 1109; x_wconf 87' lang='lat' dir='ltr'><strong>sunt</strong></span> <span class='ocrx_word' id='word_1_135' title='bbox 1100 1068 1307 1108; x_wconf 75' lang='lat' dir='ltr'><strong>continua</strong></span> <span class='ocrx_word' id='word_1_136' title='bbox 1324 1080 1403 1108; x_wconf 90' lang='lat' dir='ltr'><strong>nec</strong></span> <span class='ocrx_word' id='word_1_137' title='bbox 1421 1067 1464 1106; x_wconf 89' lang='lat' dir='ltr'><strong>in</strong></span> <span class='ocrx_word' id='word_1_138' title='bbox 1482 1065 1665 1106; x_wconf 81' lang='lat' dir='ltr'><strong>instanti</strong></span> <span class='ocrx_word' id='word_1_139' title='bbox 1681 1064 1769 1106; x_wconf 86' lang='lat' dir='ltr'><strong>alio</strong></span> 
     </span>
     <span class='ocr_line' id='line_1_15' title="bbox 229 1136 1770 1192; baseline -0.005 -11"><span class='ocrx_word' id='word_1_140' title='bbox 229 1146 558 1192; x_wconf 72' lang='lat' dir='ltr'><strong>consequentur,</strong></span> <span class='ocrx_word' id='word_1_141' title='bbox 583 1152 668 1191; x_wconf 77' lang='lat' dir='ltr'><strong>qua</strong></span> <span class='ocrx_word' id='word_1_142' title='bbox 691 1139 860 1178; x_wconf 75' lang='lat' dir='ltr'><strong>racione</strong></span> <span class='ocrx_word' id='word_1_143' title='bbox 883 1138 997 1177; x_wconf 87' lang='lat' dir='ltr'><strong>enim</strong></span> <span class='ocrx_word' id='word_1_144' title='bbox 1022 1143 1326 1188; x_wconf 87' lang='lat' dir='ltr'><strong>corrumpetur</strong></span> <span class='ocrx_word' id='word_1_145' title='bbox 1343 1137 1385 1176; x_wconf 91' lang='lat' dir='ltr'><strong>in</strong></span> <span class='ocrx_word' id='word_1_146' title='bbox 1410 1149 1495 1176; x_wconf 90' lang='lat' dir='ltr'><strong>uno</strong></span> <span class='ocrx_word' id='word_1_147' title='bbox 1520 1136 1702 1176; x_wconf 86' lang='lat' dir='ltr'><strong>istorum</strong></span> <span class='ocrx_word' id='word_1_148' title='bbox 1727 1139 1770 1174; x_wconf 89' lang='lat' dir='ltr'><strong>et</strong></span> 
     </span>
     <span class='ocr_line' id='line_1_16' title="bbox 233 1205 1770 1262; baseline -0.003 -14"><span class='ocrx_word' id='word_1_149' title='bbox 233 1211 272 1250; x_wconf 90' lang='lat' dir='ltr'><strong>in</strong></span> <span class='ocrx_word' id='word_1_150' title='bbox 295 1222 567 1262; x_wconf 86' lang='lat' dir='ltr'><strong>quocunque.</strong></span> <span class='ocrx_word' id='word_1_151' title='bbox 631 1207 708 1247; x_wconf 83' lang='lat' dir='ltr'><strong>Set</strong></span> <span class='ocrx_word' id='word_1_152' title='bbox 731 1208 808 1246; x_wconf 87' lang='lat' dir='ltr'><strong>hec</strong></span> <span class='ocrx_word' id='word_1_153' title='bbox 827 1213 925 1246; x_wconf 84' lang='lat' dir='ltr'><strong>sunt</strong></span> <span class='ocrx_word' id='word_1_154' title='bbox 950 1206 1116 1246; x_wconf 75' lang='lat' dir='ltr'><strong>infinita</strong></span> <span class='ocrx_word' id='word_1_155' title='bbox 1140 1207 1179 1244; x_wconf 91' lang='lat' dir='ltr'><strong>in</strong></span> <span class='ocrx_word' id='word_1_156' title='bbox 1199 1205 1398 1258; x_wconf 89' lang='lat' dir='ltr'><strong>quolibet</strong></span> <span class='ocrx_word' id='word_1_157' title='bbox 1418 1211 1634 1258; x_wconf 86' lang='lat' dir='ltr'><strong>tempore,</strong></span> <span class='ocrx_word' id='word_1_158' title='bbox 1651 1216 1770 1256; x_wconf 87' lang='lat' dir='ltr'><strong>ergo,</strong></span> 
     </span>
     <span class='ocr_line' id='line_1_17' title="bbox 230 1270 1770 1323; baseline -0.003 -8"><span class='ocrx_word' id='word_1_159' title='bbox 230 1289 362 1315; x_wconf 91' lang='lat' dir='ltr'><strong>unum</strong></span> <span class='ocrx_word' id='word_1_160' title='bbox 391 1275 557 1314; x_wconf 81' lang='lat' dir='ltr'><strong>instans</strong></span> <span class='ocrx_word' id='word_1_161' title='bbox 581 1281 775 1313; x_wconf 77' lang='lat' dir='ltr'><strong>maneret</strong></span> <span class='ocrx_word' id='word_1_162' title='bbox 803 1274 844 1312; x_wconf 90' lang='lat' dir='ltr'><strong>in</strong></span> <span class='ocrx_word' id='word_1_163' title='bbox 871 1272 1065 1321; x_wconf 81' lang='lat' dir='ltr'><strong>infinitis,</strong></span> <span class='ocrx_word' id='word_1_164' title='bbox 1086 1273 1454 1323; x_wconf 87' lang='lat' dir='ltr'><strong>corrumpendum</strong></span> <span class='ocrx_word' id='word_1_165' title='bbox 1484 1271 1528 1310; x_wconf 92' lang='lat' dir='ltr'><strong>in</strong></span> <span class='ocrx_word' id='word_1_166' title='bbox 1555 1270 1628 1321; x_wconf 89' lang='lat' dir='ltr'><strong>eis,</strong></span> <span class='ocrx_word' id='word_1_167' title='bbox 1651 1270 1770 1322; x_wconf 90' lang='lat' dir='ltr'><strong>quod</strong></span> 
     </span>
    </p>
   </div>
   <div class='ocr_carea' id='block_1_7' title="bbox 228 1341 1832 1464">
    <p class='ocr_par' dir='ltr' id='par_1_7' title="bbox 228 1341 1832 1464">
     <span class='ocr_line' id='line_1_18' title="bbox 228 1341 1832 1401; baseline -0.002 -18"><span class='ocrx_word' id='word_1_168' title='bbox 228 1350 292 1383; x_wconf 86' lang='lat' dir='ltr'><strong>est</strong></span> <span class='ocrx_word' id='word_1_169' title='bbox 316 1343 576 1396; x_wconf 88' lang='lat' dir='ltr'><strong>inpossibile.</strong></span> <span class='ocrx_word' id='word_1_170' title='bbox 623 1343 682 1382; x_wconf 85' lang='lat' dir='ltr'><strong>Et</strong></span> <span class='ocrx_word' id='word_1_171' title='bbox 700 1342 962 1381; x_wconf 77' lang='lat' dir='ltr'><strong>Aristoteles</strong></span> <span class='ocrx_word' id='word_1_172' title='bbox 984 1342 1088 1390; x_wconf 89' lang='lat' dir='ltr'><strong>vult,</strong></span> <span class='ocrx_word' id='word_1_173' title='bbox 1111 1342 1229 1394; x_wconf 87' lang='lat' dir='ltr'><strong>quod</strong></span> <span class='ocrx_word' id='word_1_174' title='bbox 1253 1341 1420 1381; x_wconf 77' lang='lat' dir='ltr'><strong>instans</strong></span> <span class='ocrx_word' id='word_1_175' title='bbox 1443 1345 1770 1392; x_wconf 82' lang='lat' dir='ltr'><strong>corrumpatur,</strong></span> <span class='ocrx_word' id='word_1_176' title='bbox 1826 1360 1832 1401; x_wconf 47' lang='grc' dir='ltr'>Ξ</span> 
     </span>
     <span class='ocr_line' id='line_1_19' title="bbox 232 1408 1829 1464; baseline -0.003 -12"><span class='ocrx_word' id='word_1_177' title='bbox 232 1419 274 1452; x_wconf 89' lang='lat' dir='ltr'><strong>et</strong></span> <span class='ocrx_word' id='word_1_178' title='bbox 320 1425 407 1451; x_wconf 90' lang='lat' dir='ltr'><strong>non</strong></span> <span class='ocrx_word' id='word_1_179' title='bbox 452 1413 506 1452; x_wconf 80' lang='lat' dir='ltr'><strong>sit</strong></span> <span class='ocrx_word' id='word_1_180' title='bbox 548 1425 679 1450; x_wconf 85' lang='lat' dir='ltr'><strong>unum</strong></span> <span class='ocrx_word' id='word_1_181' title='bbox 724 1425 799 1464; x_wconf 69' lang='lat' dir='ltr'><strong>per</strong></span> <span class='ocrx_word' id='word_1_182' title='bbox 841 1417 983 1450; x_wconf 86' lang='lat' dir='ltr'><strong>totum</strong></span> <span class='ocrx_word' id='word_1_183' title='bbox 1026 1417 1213 1463; x_wconf 81' lang='lat' dir='ltr'><strong>tempus,</strong></span> <span class='ocrx_word' id='word_1_184' title='bbox 1254 1416 1321 1451; x_wconf 90' lang='lat' dir='ltr'><strong>set</strong></span> <span class='ocrx_word' id='word_1_185' title='bbox 1370 1409 1539 1449; x_wconf 79' lang='lat' dir='ltr'><strong>infinita</strong></span> <span class='ocrx_word' id='word_1_186' title='bbox 1589 1415 1689 1449; x_wconf 87' lang='lat' dir='ltr'><strong>sunt</strong></span> <span class='ocrx_word' id='word_1_187' title='bbox 1731 1408 1773 1447; x_wconf 90' lang='lat' dir='ltr'><strong>in</strong></span> <span class='ocrx_word' id='word_1_188' title='bbox 1826 1415 1829 1417; x_wconf 73' lang='grc'><strong>’</strong></span> 
     </span>
    </p>
   </div>
   <div class='ocr_carea' id='block_1_8' title="bbox 234 1476 1773 1533">
    <p class='ocr_par' dir='ltr' id='par_1_8' title="bbox 234 1476 1773 1533">
     <span class='ocr_line' id='line_1_20' title="bbox 234 1476 1773 1533; baseline -0.002 -13"><span class='ocrx_word' id='word_1_189' title='bbox 234 1481 431 1533; x_wconf 88' lang='lat' dir='ltr'><strong>quolibet</strong></span> <span class='ocrx_word' id='word_1_190' title='bbox 472 1488 682 1533; x_wconf 87' lang='lat' dir='ltr'><strong>tempore,</strong></span> <span class='ocrx_word' id='word_1_191' title='bbox 723 1492 808 1518; x_wconf 87' lang='lat' dir='ltr'><strong>non</strong></span> <span class='ocrx_word' id='word_1_192' title='bbox 845 1485 993 1519; x_wconf 78' lang='lat' dir='ltr'><strong>tamen</strong></span> <span class='ocrx_word' id='word_1_193' title='bbox 1036 1479 1254 1526; x_wconf 79' lang='lat' dir='ltr'><strong>continua,</strong></span> <span class='ocrx_word' id='word_1_194' title='bbox 1285 1492 1363 1518; x_wconf 87' lang='lat' dir='ltr'><strong>nec</strong></span> <span class='ocrx_word' id='word_1_195' title='bbox 1411 1478 1629 1531; x_wconf 83' lang='lat' dir='ltr'><strong>contigua,</strong></span> <span class='ocrx_word' id='word_1_196' title='bbox 1671 1476 1773 1529; x_wconf 83' lang='lat' dir='ltr'><strong>quia</strong></span> 
     </span>
    </p>
   </div>
   <div class='ocr_carea' id='block_1_9' title="bbox 236 1547 1838 1669">
    <p class='ocr_par' dir='ltr' id='par_1_9' title="bbox 236 1547 1838 1669">
     <span class='ocr_line' id='line_1_21' title="bbox 236 1547 1838 1601; baseline -0.003 -12"><span class='ocrx_word' id='word_1_197' title='bbox 236 1551 347 1589; x_wconf 85' lang='lat' dir='ltr'><strong>inter</strong></span> <span class='ocrx_word' id='word_1_198' title='bbox 377 1549 573 1601; x_wconf 78' lang='lat' dir='ltr'><strong>quelibet</strong></span> <span class='ocrx_word' id='word_1_199' title='bbox 609 1549 698 1588; x_wconf 83' lang='lat' dir='ltr'><strong>duo</strong></span> <span class='ocrx_word' id='word_1_200' title='bbox 736 1548 849 1588; x_wconf 74' lang='lat' dir='ltr'><strong>cadit</strong></span> <span class='ocrx_word' id='word_1_201' title='bbox 885 1555 1060 1600; x_wconf 82' lang='lat' dir='ltr'><strong>tempus</strong></span> <span class='ocrx_word' id='word_1_202' title='bbox 1103 1548 1310 1587; x_wconf 88' lang='lat' dir='ltr'><strong>medium.</strong></span> <span class='ocrx_word' id='word_1_203' title='bbox 1387 1547 1447 1587; x_wconf 90' lang='lat' dir='ltr'><strong>Et</strong></span> <span class='ocrx_word' id='word_1_204' title='bbox 1490 1548 1630 1599; x_wconf 85' lang='lat' dir='ltr'><strong>prima</strong></span> <span class='ocrx_word' id='word_1_205' title='bbox 1671 1558 1772 1598; x_wconf 82' lang='lat' dir='ltr'><strong>pars</strong></span> <span class='ocrx_word' id='word_1_206' title='bbox 1827 1567 1838 1586; x_wconf 61' lang='lat' dir='ltr'><em>s</em></span> 
     </span>
     <span class='ocr_line' id='line_1_22' title="bbox 236 1606 1831 1669; baseline -0.003 -11"><span class='ocrx_word' id='word_1_207' title='bbox 236 1621 425 1658; x_wconf 80' lang='lat' dir='ltr'><strong>tenenda</strong></span> <span class='ocrx_word' id='word_1_208' title='bbox 458 1625 533 1658; x_wconf 79' lang='lat' dir='ltr'><strong>est.</strong></span> <span class='ocrx_word' id='word_1_209' title='bbox 599 1617 808 1669; x_wconf 82' lang='lat' dir='ltr'><strong>Objcccio</strong></span> <span class='ocrx_word' id='word_1_210' title='bbox 839 1631 943 1669; x_wconf 77' lang='lat' dir='ltr'><strong>ergo</strong></span> <span class='ocrx_word' id='word_1_211' title='bbox 969 1615 1185 1657; x_wconf 74' lang='lat' dir='ltr'><strong>contraria</strong></span> <span class='ocrx_word' id='word_1_212' title='bbox 1217 1615 1401 1656; x_wconf 87' lang='lat' dir='ltr'><strong>solvitur</strong></span> <span class='ocrx_word' id='word_1_213' title='bbox 1433 1628 1512 1668; x_wconf 91' lang='lat' dir='ltr'><strong>per</strong></span> <span class='ocrx_word' id='word_1_214' title='bbox 1534 1615 1627 1664; x_wconf 88' lang='lat' dir='ltr'><strong>hoc,</strong></span> <span class='ocrx_word' id='word_1_215' title='bbox 1651 1613 1770 1667; x_wconf 91' lang='lat' dir='ltr'><strong>quod</strong></span> <span class='ocrx_word' id='word_1_216' title='bbox 1828 1606 1831 1612; x_wconf 49' lang='lat'><strong><em>⁴</em></strong></span> 
     </span>
    </p>
   </div>
   <div class='ocr_carea' id='block_1_10' title="bbox 238 1684 1774 1735">
    <p class='ocr_par' dir='ltr' id='par_1_10' title="bbox 238 1684 1774 1735">
     <span class='ocr_line' id='line_1_23' title="bbox 238 1684 1774 1735; baseline -0.003 -9"><span class='ocrx_word' id='word_1_217' title='bbox 238 1688 413 1735; x_wconf 79' lang='lat' dir='ltr'><strong>instans,</strong></span> <span class='ocrx_word' id='word_1_218' title='bbox 444 1699 543 1725; x_wconf 91' lang='lat' dir='ltr'><strong>cum</strong></span> <span class='ocrx_word' id='word_1_219' title='bbox 573 1699 659 1725; x_wconf 87' lang='lat' dir='ltr'><strong>non</strong></span> <span class='ocrx_word' id='word_1_220' title='bbox 685 1686 741 1724; x_wconf 79' lang='lat' dir='ltr'><strong>sit</strong></span> <span class='ocrx_word' id='word_1_221' title='bbox 772 1699 971 1724; x_wconf 82' lang='lat' dir='ltr'><strong>mensura</strong></span> <span class='ocrx_word' id='word_1_222' title='bbox 1001 1684 1200 1734; x_wconf 77' lang='lat' dir='ltr'><strong>durandi,</strong></span> <span class='ocrx_word' id='word_1_223' title='bbox 1229 1698 1316 1724; x_wconf 90' lang='lat' dir='ltr'><strong>non</strong></span> <span class='ocrx_word' id='word_1_224' title='bbox 1346 1684 1482 1724; x_wconf 78' lang='lat' dir='ltr'><strong>habet</strong></span> <span class='ocrx_word' id='word_1_225' title='bbox 1513 1695 1774 1729; x_wconf 87' lang='lat' dir='ltr'><strong>mensuram,</strong></span> 
     </span>
    </p>
   </div>
   <div class='ocr_carea' id='block_1_11' title="bbox 237 1751 1840 1806">
    <p class='ocr_par' dir='ltr' id='par_1_11' title="bbox 237 1751 1840 1806">
     <span class='ocr_line' id='line_1_24' title="bbox 237 1751 1840 1806; baseline -0.002 -12"><span class='ocrx_word' id='word_1_226' title='bbox 237 1761 280 1794; x_wconf 88' lang='lat' dir='ltr'><strong>et</strong></span> <span class='ocrx_word' id='word_1_227' title='bbox 303 1755 402 1794; x_wconf 84' lang='lat' dir='ltr'><strong>ideo</strong></span> <span class='ocrx_word' id='word_1_228' title='bbox 425 1768 502 1794; x_wconf 88' lang='lat' dir='ltr'><strong>nec</strong></span> <span class='ocrx_word' id='word_1_229' title='bbox 519 1755 560 1793; x_wconf 90' lang='lat' dir='ltr'><strong>in</strong></span> <span class='ocrx_word' id='word_1_230' title='bbox 579 1768 624 1793; x_wconf 82' lang='lat' dir='ltr'><strong>se</strong></span> <span class='ocrx_word' id='word_1_231' title='bbox 642 1754 777 1794; x_wconf 88' lang='lat' dir='ltr'><strong>necin</strong></span> <span class='ocrx_word' id='word_1_232' title='bbox 797 1754 878 1793; x_wconf 75' lang='lat' dir='ltr'><strong>alio</strong></span> <span class='ocrx_word' id='word_1_233' title='bbox 898 1753 1190 1806; x_wconf 88' lang='lat' dir='ltr'><strong>corrumpitur</strong></span> <span class='ocrx_word' id='word_1_234' title='bbox 1213 1753 1323 1793; x_wconf 86' lang='lat' dir='ltr'><strong>sicut</strong></span> <span class='ocrx_word' id='word_1_235' title='bbox 1344 1765 1556 1799; x_wconf 61' lang='lat' dir='ltr'><strong>mensurar</strong></span> <span class='ocrx_word' id='word_1_236' title='bbox 1574 1758 1641 1792; x_wconf 89' lang='lat' dir='ltr'><strong>set</strong></span> <span class='ocrx_word' id='word_1_237' title='bbox 1663 1751 1774 1791; x_wconf 85' lang='lat' dir='ltr'><strong>sicut</strong></span> <span class='ocrx_word' id='word_1_238' title='bbox 1831 1791 1840 1800; x_wconf 25' lang='lat' dir='ltr'><strong>,y</strong></span> 
     </span>
    </p>
   </div>
   <div class='ocr_carea' id='block_1_12' title="bbox 237 1821 1774 1875">
    <p class='ocr_par' dir='ltr' id='par_1_12' title="bbox 237 1821 1774 1875">
     <span class='ocr_line' id='line_1_25' title="bbox 237 1821 1774 1875; baseline -0.002 -13"><span class='ocrx_word' id='word_1_239' title='bbox 237 1823 437 1863; x_wconf 86' lang='lat' dir='ltr'><strong>accidens</strong></span> <span class='ocrx_word' id='word_1_240' title='bbox 478 1823 770 1875; x_wconf 86' lang='lat' dir='ltr'><strong>corrumpitur</strong></span> <span class='ocrx_word' id='word_1_241' title='bbox 811 1836 887 1875; x_wconf 87' lang='lat' dir='ltr'><strong>per</strong></span> <span class='ocrx_word' id='word_1_242' title='bbox 927 1822 1256 1874; x_wconf 86' lang='lat' dir='ltr'><strong>corrupcionem</strong></span> <span class='ocrx_word' id='word_1_243' title='bbox 1301 1822 1365 1862; x_wconf 93' lang='lat' dir='ltr'><strong>sui</strong></span> <span class='ocrx_word' id='word_1_244' title='bbox 1408 1821 1606 1874; x_wconf 90' lang='lat' dir='ltr'><strong>subjecti,</strong></span> <span class='ocrx_word' id='word_1_245' title='bbox 1646 1832 1774 1860; x_wconf 89' lang='lat' dir='ltr'><strong>suum</strong></span> 
     </span>
    </p>
   </div>
   <div class='ocr_carea' id='block_1_13' title="bbox 237 1891 1837 1944">
    <p class='ocr_par' dir='ltr' id='par_1_13' title="bbox 237 1891 1837 1944">
     <span class='ocr_line' id='line_1_26' title="bbox 237 1891 1837 1944; baseline -0.001 -13"><span class='ocrx_word' id='word_1_246' title='bbox 237 1898 383 1932; x_wconf 77' lang='lat' dir='ltr'><strong>autem</strong></span> <span class='ocrx_word' id='word_1_247' title='bbox 407 1892 650 1944; x_wconf 85' lang='lat' dir='ltr'><strong>subjectum</strong></span> <span class='ocrx_word' id='word_1_248' title='bbox 682 1899 748 1931; x_wconf 80' lang='lat' dir='ltr'><strong>est</strong></span> <span class='ocrx_word' id='word_1_249' title='bbox 778 1897 992 1931; x_wconf 77' lang='lat' dir='ltr'><strong>mutatum</strong></span> <span class='ocrx_word' id='word_1_250' title='bbox 1021 1905 1125 1940; x_wconf 83' lang='lat' dir='ltr'><strong>esse,</strong></span> <span class='ocrx_word' id='word_1_251' title='bbox 1148 1891 1266 1944; x_wconf 88' lang='lat' dir='ltr'><strong>quod</strong></span> <span class='ocrx_word' id='word_1_252' title='bbox 1294 1897 1358 1930; x_wconf 90' lang='lat' dir='ltr'><strong>est</strong></span> <span class='ocrx_word' id='word_1_253' title='bbox 1385 1891 1595 1931; x_wconf 71' lang='lat' dir='ltr'><strong>terminus</strong></span> <span class='ocrx_word' id='word_1_254' title='bbox 1617 1895 1774 1938; x_wconf 76' lang='lat' dir='ltr'><strong>motuS,</strong></span> <span class='ocrx_word' id='word_1_255' title='bbox 1798 1909 1837 1930; x_wconf 61' lang='grc' dir='ltr'><strong>εκ,</strong></span> 
     </span>
    </p>
   </div>
   <div class='ocr_carea' id='block_1_14' title="bbox 239 1960 1777 2082">
    <p class='ocr_par' dir='ltr' id='par_1_14' title="bbox 239 1960 1777 2082">
     <span class='ocr_line' id='line_1_27' title="bbox 239 1960 1775 2013; baseline -0.001 -14"><span class='ocrx_word' id='word_1_256' title='bbox 239 1962 347 2000; x_wconf 88' lang='lat' dir='ltr'><strong>sicut</strong></span> <span class='ocrx_word' id='word_1_257' title='bbox 373 1961 618 2013; x_wconf 87' lang='lat' dir='ltr'><strong>subjectum</strong></span> <span class='ocrx_word' id='word_1_258' title='bbox 645 1962 854 2013; x_wconf 81' lang='lat' dir='ltr'><strong>temporis</strong></span> <span class='ocrx_word' id='word_1_259' title='bbox 885 1967 951 2000; x_wconf 83' lang='lat' dir='ltr'><strong>cst</strong></span> <span class='ocrx_word' id='word_1_260' title='bbox 985 1968 1141 2010; x_wconf 85' lang='lat' dir='ltr'><strong>motus,</strong></span> <span class='ocrx_word' id='word_1_261' title='bbox 1167 1967 1210 2001; x_wconf 88' lang='lat' dir='ltr'><strong>et</strong></span> <span class='ocrx_word' id='word_1_262' title='bbox 1239 1960 1321 2001; x_wconf 89' lang='lat' dir='ltr'><strong>hoc</strong></span> <span class='ocrx_word' id='word_1_263' title='bbox 1345 1965 1563 1999; x_wconf 82' lang='lat' dir='ltr'><strong>mutatum</strong></span> <span class='ocrx_word' id='word_1_264' title='bbox 1586 1972 1680 1999; x_wconf 89' lang='lat' dir='ltr'><strong>esse</strong></span> <span class='ocrx_word' id='word_1_265' title='bbox 1710 1965 1775 1998; x_wconf 89' lang='lat' dir='ltr'><strong>est</strong></span> 
     </span>
     <span class='ocr_line' id='line_1_28' title="bbox 240 2027 1777 2082; baseline -0.001 -13"><span class='ocrx_word' id='word_1_266' title='bbox 240 2031 474 2082; x_wconf 85' lang='lat' dir='ltr'><strong>disposicio</strong></span> <span class='ocrx_word' id='word_1_267' title='bbox 516 2030 651 2082; x_wconf 84' lang='lat' dir='ltr'><strong>ipsius</strong></span> <span class='ocrx_word' id='word_1_268' title='bbox 694 2030 880 2079; x_wconf 85' lang='lat' dir='ltr'><strong>mobilis,</strong></span> <span class='ocrx_word' id='word_1_269' title='bbox 936 2030 1175 2070; x_wconf 80' lang='lat' dir='ltr'><strong>secundum</strong></span> <span class='ocrx_word' id='word_1_270' title='bbox 1229 2030 1346 2081; x_wconf 89' lang='lat' dir='ltr'><strong>quod</strong></span> <span class='ocrx_word' id='word_1_271' title='bbox 1390 2027 1570 2081; x_wconf 83' lang='lat' dir='ltr'><strong>replicat</strong></span> <span class='ocrx_word' id='word_1_272' title='bbox 1611 2042 1658 2069; x_wconf 89' lang='lat' dir='ltr'><strong>se</strong></span> <span class='ocrx_word' id='word_1_273' title='bbox 1698 2040 1777 2080; x_wconf 89' lang='lat' dir='ltr'><strong>per</strong></span> 
     </span>
    </p>
   </div>
   <div class='ocr_carea' id='block_1_15' title="bbox 155 2097 1776 2152">
    <p class='ocr_par' dir='ltr' id='par_1_15' title="bbox 155 2097 1776 2152">
     <span class='ocr_line' id='line_1_29' title="bbox 155 2097 1776 2152; baseline -0.001 -15"><span class='ocrx_word' id='word_1_274' title='bbox 155 2124 163 2132; x_wconf 53' lang='grc' dir='ltr'>ι</span> <span class='ocrx_word' id='word_1_275' title='bbox 193 2112 219 2133; x_wconf 81' lang='lat'><strong>2.</strong></span> <span class='ocrx_word' id='word_1_276' title='bbox 241 2099 433 2137; x_wconf 76' lang='lat' dir='ltr'><strong>diversas</strong></span> <span class='ocrx_word' id='word_1_277' title='bbox 462 2097 466 2151; x_wconf 65' lang='lat' dir='ltr'><strong>l</strong></span> <span class='ocrx_word' id='word_1_278' title='bbox 495 2105 641 2151; x_wconf 72' lang='lat' dir='ltr'><strong>partes</strong></span> <span class='ocrx_word' id='word_1_279' title='bbox 678 2099 822 2152; x_wconf 74' lang='lat' dir='ltr'><strong>spacii.</strong></span> <span class='ocrx_word' id='word_1_280' title='bbox 862 2099 921 2138; x_wconf 69' lang='lat' dir='ltr'><strong>sic</strong></span> <span class='ocrx_word' id='word_1_281' title='bbox 959 2099 1074 2138; x_wconf 84' lang='lat' dir='ltr'><strong>enim</strong></span> <span class='ocrx_word' id='word_1_282' title='bbox 1113 2097 1222 2138; x_wconf 80' lang='lat' dir='ltr'><strong>fiunt</strong></span> <span class='ocrx_word' id='word_1_283' title='bbox 1263 2098 1431 2138; x_wconf 81' lang='lat' dir='ltr'><strong>infinita</strong></span> <span class='ocrx_word' id='word_1_284' title='bbox 1467 2103 1639 2137; x_wconf 80' lang='lat' dir='ltr'><strong>mutata</strong></span> <span class='ocrx_word' id='word_1_285' title='bbox 1669 2109 1776 2145; x_wconf 89' lang='lat' dir='ltr'><strong>esse,</strong></span> 
     </span>
    </p>
   </div>
   <div class='ocr_carea' id='block_1_16' title="bbox 241 2166 1776 2289">
    <p class='ocr_par' dir='ltr' id='par_1_16' title="bbox 241 2166 1776 2289">
     <span class='ocr_line' id='line_1_30' title="bbox 241 2166 1776 2220; baseline -0.001 -14"><span class='ocrx_word' id='word_1_286' title='bbox 241 2167 343 2218; x_wconf 80' lang='lat' dir='ltr'><strong>quia</strong></span> <span class='ocrx_word' id='word_1_287' title='bbox 370 2168 534 2206; x_wconf 77' lang='lat' dir='ltr'><strong>instans</strong></span> <span class='ocrx_word' id='word_1_288' title='bbox 564 2167 759 2218; x_wconf 81' lang='lat' dir='ltr'><strong>sequitur</strong></span> <span class='ocrx_word' id='word_1_289' title='bbox 791 2167 831 2206; x_wconf 79' lang='lat' dir='ltr'><strong>id</strong></span> <span class='ocrx_word' id='word_1_290' title='bbox 866 2168 985 2219; x_wconf 86' lang='lat' dir='ltr'><strong>quod</strong></span> <span class='ocrx_word' id='word_1_291' title='bbox 1015 2166 1150 2207; x_wconf 87' lang='lat' dir='ltr'><strong>fertur</strong></span> <span class='ocrx_word' id='word_1_292' title='bbox 1175 2167 1283 2206; x_wconf 85' lang='lat' dir='ltr'><strong>sicut</strong></span> <span class='ocrx_word' id='word_1_293' title='bbox 1309 2172 1484 2220; x_wconf 87' lang='lat' dir='ltr'><strong>tempus</strong></span> <span class='ocrx_word' id='word_1_294' title='bbox 1514 2171 1697 2213; x_wconf 81' lang='lat' dir='ltr'><strong>motum,</strong></span> <span class='ocrx_word' id='word_1_295' title='bbox 1728 2171 1776 2204; x_wconf 89' lang='lat' dir='ltr'><strong>ut</strong></span> 
     </span>
     <span class='ocr_line' id='line_1_31' title="bbox 241 2234 1774 2289; baseline -0.001 -15"><span class='ocrx_word' id='word_1_296' title='bbox 241 2234 504 2275; x_wconf 84' lang='lat' dir='ltr'><strong>Aristoteles</strong></span> <span class='ocrx_word' id='word_1_297' title='bbox 537 2236 651 2285; x_wconf 85' lang='lat' dir='ltr'><strong>dicit,</strong></span> <span class='ocrx_word' id='word_1_298' title='bbox 684 2249 768 2274; x_wconf 89' lang='lat' dir='ltr'><strong>non</strong></span> <span class='ocrx_word' id='word_1_299' title='bbox 802 2244 948 2275; x_wconf 75' lang='lat' dir='ltr'><strong>tamen</strong></span> <span class='ocrx_word' id='word_1_300' title='bbox 983 2236 1180 2288; x_wconf 90' lang='lat' dir='ltr'><strong>sequitur</strong></span> <span class='ocrx_word' id='word_1_301' title='bbox 1209 2236 1351 2289; x_wconf 89' lang='lat' dir='ltr'><strong>ipsum</strong></span> <span class='ocrx_word' id='word_1_302' title='bbox 1381 2235 1618 2275; x_wconf 90' lang='lat' dir='ltr'><strong>secundum</strong></span> <span class='ocrx_word' id='word_1_303' title='bbox 1651 2246 1774 2273; x_wconf 83' lang='lat' dir='ltr'><strong>suam</strong></span> 
     </span>
    </p>
   </div>
   <div class='ocr_carea' id='block_1_17' title="bbox 240 2304 1839 2423">
    <p class='ocr_par' dir='ltr' id='par_1_17' title="bbox 240 2304 1839 2423">
     <span class='ocr_line' id='line_1_32' title="bbox 240 2304 1837 2356; baseline -0.001 -13"><span class='ocrx_word' id='word_1_304' title='bbox 240 2304 549 2349; x_wconf 58' lang='lat' dir='ltr'><strong>substanciam,</strong></span> <span class='ocrx_word' id='word_1_305' title='bbox 592 2311 656 2343; x_wconf 80' lang='lat' dir='ltr'><strong>set</strong></span> <span class='ocrx_word' id='word_1_306' title='bbox 700 2305 938 2343; x_wconf 81' lang='lat' dir='ltr'><strong>secundum</strong></span> <span class='ocrx_word' id='word_1_307' title='bbox 989 2318 1084 2344; x_wconf 77' lang='lat' dir='ltr'><strong>esse</strong></span> <span class='ocrx_word' id='word_1_308' title='bbox 1120 2317 1214 2352; x_wconf 77' lang='lat' dir='ltr'><strong>sua,</strong></span> <span class='ocrx_word' id='word_1_309' title='bbox 1247 2317 1331 2356; x_wconf 92' lang='lat' dir='ltr'><strong>que</strong></span> <span class='ocrx_word' id='word_1_310' title='bbox 1363 2309 1574 2344; x_wconf 82' lang='lat' dir='ltr'><strong>vocantur</strong></span> <span class='ocrx_word' id='word_1_311' title='bbox 1607 2306 1777 2342; x_wconf 85' lang='lat' dir='ltr'><strong>mutata</strong></span> <span class='ocrx_word' id='word_1_312' title='bbox 1835 2316 1837 2318; x_wconf 84' lang='lat'>·</span> 
     </span>
     <span class='ocr_line' id='line_1_33' title="bbox 242 2372 1839 2423; baseline -0.001 -12"><span class='ocrx_word' id='word_1_313' title='bbox 242 2386 335 2411; x_wconf 79' lang='lat' dir='ltr'><strong>esse</strong></span> <span class='ocrx_word' id='word_1_314' title='bbox 358 2386 366 2421; x_wconf 84' lang='lat'>;</span> <span class='ocrx_word' id='word_1_315' title='bbox 398 2385 449 2410; x_wconf 85' lang='lat' dir='ltr'><strong>co</strong></span> <span class='ocrx_word' id='word_1_316' title='bbox 477 2373 593 2423; x_wconf 76' lang='lat' dir='ltr'><strong>quod</strong></span> <span class='ocrx_word' id='word_1_317' title='bbox 619 2374 855 2412; x_wconf 65' lang='lat' dir='ltr'><strong>secundum</strong></span> <span class='ocrx_word' id='word_1_318' title='bbox 880 2386 929 2412; x_wconf 77' lang='lat' dir='ltr'><strong>ea</strong></span> <span class='ocrx_word' id='word_1_319' title='bbox 954 2379 1163 2420; x_wconf 74' lang='lat' dir='ltr'><strong>mutatur,</strong></span> <span class='ocrx_word' id='word_1_320' title='bbox 1187 2378 1229 2411; x_wconf 88' lang='lat' dir='ltr'><strong>et</strong></span> <span class='ocrx_word' id='word_1_321' title='bbox 1253 2378 1351 2412; x_wconf 84' lang='lat' dir='ltr'><strong>sunt</strong></span> <span class='ocrx_word' id='word_1_322' title='bbox 1384 2372 1463 2411; x_wconf 87' lang='lat' dir='ltr'><strong>hec</strong></span> <span class='ocrx_word' id='word_1_323' title='bbox 1486 2376 1656 2411; x_wconf 81' lang='lat' dir='ltr'><strong>mutata</strong></span> <span class='ocrx_word' id='word_1_324' title='bbox 1682 2383 1777 2410; x_wconf 86' lang='lat' dir='ltr'><strong>esse</strong></span> <span class='ocrx_word' id='word_1_325' title='bbox 1827 2387 1839 2414; x_wconf 59' lang='lat' dir='ltr'>q</span> 
     </span>
    </p>
   </div>
   <div class='ocr_carea' id='block_1_18' title="bbox 244 2438 1777 2494">
    <p class='ocr_par' dir='ltr' id='par_1_18' title="bbox 244 2438 1777 2494">
     <span class='ocr_line' id='line_1_34' title="bbox 244 2438 1777 2494; baseline 0.001 -16"><span class='ocrx_word' id='word_1_326' title='bbox 244 2441 285 2479; x_wconf 90' lang='lat' dir='ltr'><strong>in</strong></span> <span class='ocrx_word' id='word_1_327' title='bbox 321 2447 458 2490; x_wconf 77' lang='lat' dir='ltr'><strong>motu,</strong></span> <span class='ocrx_word' id='word_1_328' title='bbox 496 2441 605 2480; x_wconf 86' lang='lat' dir='ltr'><strong>sicut</strong></span> <span class='ocrx_word' id='word_1_329' title='bbox 641 2441 851 2481; x_wconf 61' lang='lat' dir='ltr'><strong>instancia</strong></span> <span class='ocrx_word' id='word_1_330' title='bbox 886 2441 927 2480; x_wconf 92' lang='lat' dir='ltr'><strong>in</strong></span> <span class='ocrx_word' id='word_1_331' title='bbox 960 2448 1171 2494; x_wconf 85' lang='lat' dir='ltr'><strong>tempore.</strong></span> <span class='ocrx_word' id='word_1_332' title='bbox 1234 2440 1314 2480; x_wconf 88' lang='lat' dir='ltr'><strong>Per</strong></span> <span class='ocrx_word' id='word_1_333' title='bbox 1339 2440 1431 2492; x_wconf 80' lang='lat' dir='ltr'><strong>jam</strong></span> <span class='ocrx_word' id='word_1_334' title='bbox 1467 2440 1584 2480; x_wconf 83' lang='lat' dir='ltr'><strong>dicta</strong></span> <span class='ocrx_word' id='word_1_335' title='bbox 1616 2439 1659 2478; x_wconf 88' lang='lat' dir='ltr'><strong>in</strong></span> <span class='ocrx_word' id='word_1_336' title='bbox 1693 2438 1777 2479; x_wconf 92' lang='lat' dir='ltr'><strong>hoc</strong></span> 
     </span>
    </p>
   </div>
   <div class='ocr_carea' id='block_1_19' title="bbox 242 2507 1843 2563">
    <p class='ocr_par' dir='ltr' id='par_1_19' title="bbox 242 2507 1843 2563">
     <span class='ocr_line' id='line_1_35' title="bbox 242 2507 1843 2563; baseline -0.001 -15"><span class='ocrx_word' id='word_1_337' title='bbox 242 2509 377 2549; x_wconf 83' lang='lat' dir='ltr'><strong>tercio</strong></span> <span class='ocrx_word' id='word_1_338' title='bbox 412 2508 734 2562; x_wconf 81' lang='lat' dir='ltr'><strong>probleumate,</strong></span> <span class='ocrx_word' id='word_1_339' title='bbox 770 2516 812 2549; x_wconf 82' lang='lat' dir='ltr'><strong>et</strong></span> <span class='ocrx_word' id='word_1_340' title='bbox 856 2511 897 2549; x_wconf 92' lang='lat' dir='ltr'><strong>in</strong></span> <span class='ocrx_word' id='word_1_341' title='bbox 939 2511 1144 2560; x_wconf 67' lang='lat' dir='ltr'><strong>secundo,</strong></span> <span class='ocrx_word' id='word_1_342' title='bbox 1182 2515 1304 2563; x_wconf 84' lang='lat' dir='ltr'><strong>patet</strong></span> <span class='ocrx_word' id='word_1_343' title='bbox 1345 2521 1529 2562; x_wconf 81' lang='lat' dir='ltr'><strong>magnus</strong></span> <span class='ocrx_word' id='word_1_344' title='bbox 1570 2520 1687 2548; x_wconf 91' lang='lat' dir='ltr'><strong>error</strong></span> <span class='ocrx_word' id='word_1_345' title='bbox 1733 2515 1776 2547; x_wconf 92' lang='lat' dir='ltr'><strong>et</strong></span> <span class='ocrx_word' id='word_1_346' title='bbox 1838 2507 1843 2509; x_wconf 74' lang='grc'><strong>’</strong></span> 
     </span>
    </p>
   </div>
   <div class='ocr_carea' id='block_1_20' title="bbox 242 2639 1839 2785">
    <p class='ocr_par' dir='ltr' id='par_1_20' title="bbox 242 2639 1839 2785">
     <span class='ocr_line' id='line_1_36' title="bbox 289 2639 1836 2681; baseline 0 -11"><span class='ocrx_word' id='word_1_347' title='bbox 289 2651 301 2669; x_wconf 91' lang='lat'>1</span> <span class='ocrx_word' id='word_1_348' title='bbox 330 2641 479 2681; x_wconf 71' lang='lat' dir='ltr'><strong>maneat]</strong></span> <span class='ocrx_word' id='word_1_349' title='bbox 499 2647 650 2672; x_wconf 70' lang='lat' dir='ltr'><strong>maneret</strong></span> <span class='ocrx_word' id='word_1_350' title='bbox 668 2642 702 2671; x_wconf 92' lang='lat' dir='ltr'><em>D</em></span> <span class='ocrx_word' id='word_1_351' title='bbox 877 2653 896 2681; x_wconf 78' lang='lat'>3</span> <span class='ocrx_word' id='word_1_352' title='bbox 922 2643 1106 2672; x_wconf 84' lang='lat' dir='ltr'><strong>secundum</strong></span> <span class='ocrx_word' id='word_1_353' title='bbox 1124 2642 1351 2672; x_wconf 85' lang='lat' dir='ltr'><strong>substanciam</strong></span> <span class='ocrx_word' id='word_1_354' title='bbox 1368 2652 1433 2674; x_wconf 80' lang='lat' dir='ltr'><strong>om.</strong></span> <span class='ocrx_word' id='word_1_355' title='bbox 1450 2641 1485 2671; x_wconf 93' lang='lat' dir='ltr'><em>D</em></span> <span class='ocrx_word' id='word_1_356' title='bbox 1627 2639 1777 2681; x_wconf 85' lang='lat' dir='ltr'><strong>maneat]</strong></span> <span class='ocrx_word' id='word_1_357' title='bbox 1828 2667 1836 2671; x_wconf 83' lang='lat'><strong>-</strong></span> 
     </span>
     <span class='ocr_line' id='line_1_37' title="bbox 242 2682 1839 2733; baseline 0 -12"><span class='ocrx_word' id='word_1_358' title='bbox 242 2697 354 2722; x_wconf 82' lang='lat' dir='ltr'><strong>manet</strong></span> <span class='ocrx_word' id='word_1_359' title='bbox 370 2692 404 2721; x_wconf 92' lang='lat' dir='ltr'><em>D</em></span> <span class='ocrx_word' id='word_1_360' title='bbox 537 2703 553 2730; x_wconf 94' lang='lat'><strong>7</strong></span> <span class='ocrx_word' id='word_1_361' title='bbox 580 2694 661 2733; x_wconf 80' lang='lat' dir='ltr'><strong>isto]</strong></span> <span class='ocrx_word' id='word_1_362' title='bbox 681 2698 775 2723; x_wconf 83' lang='lat' dir='ltr'><strong>tanto</strong></span> <span class='ocrx_word' id='word_1_363' title='bbox 794 2694 841 2723; x_wconf 83' lang='lat' dir='ltr'><strong>F:</strong></span> <span class='ocrx_word' id='word_1_364' title='bbox 874 2699 943 2724; x_wconf 81' lang='lat' dir='ltr'><strong>toto</strong></span> <span class='ocrx_word' id='word_1_365' title='bbox 961 2693 996 2723; x_wconf 94' lang='lat' dir='ltr'><em>D</em></span> <span class='ocrx_word' id='word_1_366' title='bbox 1127 2694 1147 2723; x_wconf 87' lang='grc'>8</span> <span class='ocrx_word' id='word_1_367' title='bbox 1171 2693 1251 2733; x_wconf 80' lang='lat' dir='ltr'><strong>isto]</strong></span> <span class='ocrx_word' id='word_1_368' title='bbox 1271 2693 1327 2723; x_wconf 90' lang='lat' dir='ltr'><strong>illo</strong></span> <span class='ocrx_word' id='word_1_369' title='bbox 1344 2693 1379 2722; x_wconf 92' lang='lat' dir='ltr'><em>D</em></span> <span class='ocrx_word' id='word_1_370' title='bbox 1514 2703 1554 2723; x_wconf 92' lang='lat'><strong>10</strong></span> <span class='ocrx_word' id='word_1_371' title='bbox 1576 2691 1692 2733; x_wconf 86' lang='lat' dir='ltr'><strong>simul]</strong></span> <span class='ocrx_word' id='word_1_372' title='bbox 1714 2691 1778 2722; x_wconf 84' lang='lat' dir='ltr'><strong>sibi</strong></span> <span class='ocrx_word' id='word_1_373' title='bbox 1823 2682 1839 2710; x_wconf 39' lang='lat'><strong>*¹³</strong></span> 
     </span>
     <span class='ocr_line' id='line_1_38' title="bbox 243 2738 1825 2785; baseline 0.001 -13"><span class='ocrx_word' id='word_1_374' title='bbox 243 2743 339 2772; x_wconf 87' lang='lat' dir='ltr'><strong>simul</strong></span> <span class='ocrx_word' id='word_1_375' title='bbox 358 2743 392 2772; x_wconf 93' lang='lat' dir='ltr'><em>D</em></span> <span class='ocrx_word' id='word_1_376' title='bbox 485 2753 521 2772; x_wconf 85' lang='lat'><strong>12</strong></span> <span class='ocrx_word' id='word_1_377' title='bbox 545 2744 601 2774; x_wconf 72' lang='lat' dir='ltr'><strong>alt.</strong></span> <span class='ocrx_word' id='word_1_378' title='bbox 620 2745 705 2785; x_wconf 88' lang='lat' dir='ltr'><strong>non]</strong></span> <span class='ocrx_word' id='word_1_379' title='bbox 724 2745 815 2774; x_wconf 78' lang='lat' dir='ltr'><strong>nulla</strong></span> <span class='ocrx_word' id='word_1_380' title='bbox 833 2746 899 2774; x_wconf 84' lang='lat' dir='ltr'><strong>dua</strong></span> <span class='ocrx_word' id='word_1_381' title='bbox 916 2744 951 2774; x_wconf 91' lang='lat' dir='ltr'><em>D</em></span> <span class='ocrx_word' id='word_1_382' title='bbox 1039 2755 1080 2783; x_wconf 83' lang='lat'><strong>24</strong></span> <span class='ocrx_word' id='word_1_383' title='bbox 1104 2744 1262 2784; x_wconf 79' lang='lat' dir='ltr'><strong>subjecti]</strong></span> <span class='ocrx_word' id='word_1_384' title='bbox 1280 2744 1402 2783; x_wconf 91' lang='lat' dir='ltr'><strong>objecti</strong></span> <span class='ocrx_word' id='word_1_385' title='bbox 1419 2743 1453 2774; x_wconf 91' lang='lat' dir='ltr'><em>D</em></span> <span class='ocrx_word' id='word_1_386' title='bbox 1554 2752 1607 2783; x_wconf 86' lang='lat'><strong>25,</strong></span> <span class='ocrx_word' id='word_1_387' title='bbox 1621 2744 1663 2774; x_wconf 86' lang='lat'><strong>26</strong></span> <span class='ocrx_word' id='word_1_388' title='bbox 1686 2741 1778 2782; x_wconf 89' lang='lat' dir='ltr'><strong>quod</strong></span> <span class='ocrx_word' id='word_1_389' title='bbox 1823 2738 1825 2741; x_wconf 42' lang='lat'>⁵</span> 
     </span>
    </p>
   </div>
   <div class='ocr_carea' id='block_1_21' title="bbox 239 2795 1139 2835">
    <p class='ocr_par' dir='ltr' id='par_1_21' title="bbox 239 2795 1139 2835">
     <span class='ocr_line' id='line_1_39' title="bbox 239 2795 1139 2835; baseline 0.003 -12"><span class='ocrx_word' id='word_1_390' title='bbox 239 2799 294 2823; x_wconf 33' lang='lat' dir='ltr'><strong>*est</strong></span> <span class='ocrx_word' id='word_1_391' title='bbox 312 2817 320 2825; x_wconf 84' lang='lat'><strong>.</strong></span> <span class='ocrx_word' id='word_1_392' title='bbox 341 2818 346 2824; x_wconf 92' lang='lat'><strong><em>.</em></strong></span> <span class='ocrx_word' id='word_1_393' title='bbox 367 2819 373 2824; x_wconf 95' lang='lat'>.</span> <span class='ocrx_word' id='word_1_394' title='bbox 394 2805 469 2825; x_wconf 75' lang='lat' dir='ltr'><strong>esse</strong></span> <span class='ocrx_word' id='word_1_395' title='bbox 487 2805 551 2826; x_wconf 83' lang='lat' dir='ltr'><strong>om.</strong></span> <span class='ocrx_word' id='word_1_396' title='bbox 571 2795 605 2825; x_wconf 93' lang='lat' dir='ltr'><em>D</em></span> <span class='ocrx_word' id='word_1_397' title='bbox 736 2806 778 2834; x_wconf 82' lang='lat'><strong>32</strong></span> <span class='ocrx_word' id='word_1_398' title='bbox 803 2806 844 2825; x_wconf 83' lang='lat' dir='ltr'><strong>eo</strong></span> <span class='ocrx_word' id='word_1_399' title='bbox 862 2796 966 2835; x_wconf 85' lang='lat' dir='ltr'><strong>quod]</strong></span> <span class='ocrx_word' id='word_1_400' title='bbox 984 2796 1060 2835; x_wconf 84' lang='lat' dir='ltr'><strong>quia</strong></span> <span class='ocrx_word' id='word_1_401' title='bbox 1077 2795 1139 2825; x_wconf 87' lang='lat' dir='ltr'><strong>FD</strong></span> 
     </span>
    </p>
   </div>
   <div class='ocr_carea' id='block_1_22' title="bbox 1814 0 1877 3131">
    <p class='ocr_par' dir='ltr' id='par_1_22' title="bbox 1814 0 1877 3131">
     <span class='ocr_line' id='line_1_40' title="bbox 1814 0 1877 3131; baseline -0.905 -2429"><span class='ocrx_word' id='word_1_402' title='bbox 1814 653 1877 3131; x_wconf 95' lang='lat' dir='ltr'><strong>  </strong></span> <span class='ocrx_word' id='word_1_403' title='bbox 1833 0 1877 694; x_wconf 95' lang='lat' dir='ltr'><strong>     </strong></span> 
     </span>
    </p>
   </div>
   <div class='ocr_carea' id='block_1_23' title="bbox 1831 592 1834 611">
    <p class='ocr_par' dir='ltr' id='par_1_23' title="bbox 1831 592 1834 611">
     <span class='ocr_line' id='line_1_41' title="bbox 1831 592 1834 611; baseline 0 0"><span class='ocrx_word' id='word_1_404' title='bbox 1831 592 1834 611; x_wconf 66' lang='lat'>1</span> 
     </span>
    </p>
   </div>
   <div class='ocr_carea' id='block_1_24' title="bbox 1830 688 1833 706">
    <p class='ocr_par' dir='ltr' id='par_1_24' title="bbox 1830 688 1833 706">
     <span class='ocr_line' id='line_1_42' title="bbox 1830 688 1833 706; baseline 0 0"><span class='ocrx_word' id='word_1_405' title='bbox 1830 688 1833 706; x_wconf 61' lang='grc' dir='ltr'><em>ἰ</em></span> 
     </span>
    </p>
   </div>
   <div class='ocr_carea' id='block_1_25' title="bbox 1794 869 1831 890">
    <p class='ocr_par' dir='ltr' id='par_1_25' title="bbox 1794 869 1831 890">
     <span class='ocr_line' id='line_1_43' title="bbox 1794 869 1831 890; baseline 0 0"><span class='ocrx_word' id='word_1_406' title='bbox 1794 869 1831 890; x_wconf 81' lang='lat'><strong>10</strong></span> 
     </span>
    </p>
   </div>
  </div>
 </body>
</html>
