1877 3131
118 1209 245 1250 4Sb2.

994 128 1074 170 172

266 238 468 279 diffinicio
489 236 682 278 continui
706 236 748 276 in
771 231 990 276 omnibus.
1040 232 1166 280 Item,
1190 231 1232 270 in
1255 230 1518 272 diffinicione
1539 231 1799 284 quantitatis

264 307 471 348 continue
493 305 611 346 cadit
632 303 856 352 divisibile,
873 302 976 355 quia
992 300 1246 341 continuum
1269 306 1346 347 est,
1363 300 1480 352 quod
1503 305 1569 340 est
1585 299 1802 341 divisibile

266 376 309 415 in
331 387 504 428 semper
525 372 759 415 divisibilia
777 387 786 420 3
818 384 933 424 ergo,
950 368 1164 410 divisibile
1181 374 1245 409 est
1260 368 1298 408 ei
1316 368 1553 409 essenciale
1569 382 1646 422 per
1659 375 1800 409 totam

264 445 327 483 sui
365 443 672 492 substanciam,
706 454 839 495 quare
876 438 1126 493 oppositum
1173 436 1280 490 ejus,
1313 437 1487 488 scilicet,
1528 437 1799 487 indivisibile,

265 518 478 566 repugnat
509 511 757 552 substancie
790 509 911 562 ejus3
955 520 1058 560 ergo
1090 506 1268 554 instans,
1305 519 1406 547 cum
1443 506 1500 547 sit
1535 505 1800 546 indivisibile
1822 524 1838 554 5

264 582 443 621 omnino
479 587 523 621 et
556 579 673 620 nullo
708 579 842 619 modo
875 583 1103 630 quantum,
1139 588 1227 615 non
1261 581 1407 627 potest
1447 588 1540 616 esse
1574 580 1668 616 tota
1699 575 1799 615 sub-

266 651 433 691 stancia
466 662 544 689 nec
580 662 680 701 pars
721 645 968 687 substancie
1002 643 1228 697 temporis.
1291 644 1418 691 Item,
1460 657 1548 685 non
1590 650 1655 685 est
1697 656 1797 697 pars

268 719 517 759 substancie
538 717 760 771 temporis,
777 715 879 768 quia
901 722 1004 756 tunc
1033 719 1145 754 esset
1167 726 1268 765 pars
1290 712 1382 765 ejus
1404 712 1553 766 aliqua
1575 713 1797 766 quantita-

267 789 368 837 tiva,
381 787 485 840 quia
507 786 599 839 ejus
621 785 958 826 substancia-est
979 796 1058 823 sua
1078 781 1324 835 quantitas3
1358 795 1472 835 ergo,
1496 781 1636 822 multo
1660 781 1799 835 magis

267 869 351 896 non
381 862 447 897 est
474 855 723 895 substancia
753 853 978 906 temporis,
1043 851 1169 897 Item,
1202 849 1332 891 nichil
1363 850 1465 891 facit
1498 850 1796 891 substanciam
1823 867 1832 887 1

268 932 413 965 motus
458 924 539 964 nisi
587 930 734 977 partes
778 922 899 975 ejus;
948 933 1067 974 ergo,
1102 932 1201 959 cum
1244 919 1456 960 successio
1498 919 1710 973 temporis
1755 927 1798 960 et

267 1000 410 1034 motus
450 993 535 1034 sint
578 991 823 1034 consimiles
869 996 913 1031 et
960 988 1147 1043 equales,
1190 988 1319 1029 nichil
1354 988 1454 1028 facit
1504 988 1798 1029 substanciam

265 1063 486 1115 temporis,
521 1061 600 1102 nisi
634 1066 781 1114 partes
817 1061 922 1113 ejus.
984 1059 1110 1106 Item,
1140 1057 1254 1111 prius
1287 1063 1330 1097 et
1358 1056 1576 1111 posterius
1612 1057 1654 1097 in
1687 1063 1799 1098 tem-

267 1145 372 1184 pore
412 1131 573 1171 faciunt
615 1129 912 1170 substanciam
954 1127 1058 1180 ejus,
1099 1127 1210 1167 sicut
1251 1126 1370 1178 prius
1407 1132 1451 1167 et
1492 1126 1708 1178 posterius
1752 1127 1794 1166 in

266 1205 400 1249 motu,
431 1199 436 1254 Ι
463 1206 506 1241 et
520 1199 637 1253 prius
651 1205 694 1239 et
708 1197 924 1251 posterius
948 1197 989 1237 in
1009 1195 1312 1249 magnitudine
1327 1194 1491 1236 faciunt
1503 1195 1798 1236 substanciam
1822 1211 1832 1231 ι

265 1268 591 1321 magnitudinis,
608 1274 651 1307 et
674 1267 752 1306 hec
782 1267 1047 1319 respondent
1059 1265 1140 1305 sibi
1163 1264 1346 1304 invicem
1369 1263 1676 1312 essencialiter,
1697 1263 1800 1316 quia

262 1337 381 1390 prius
404 1343 447 1377 et
470 1337 686 1390 posterius
702 1336 743 1375 In
767 1335 1070 1387 magnitudine
1091 1338 1271 1374 causant
1298 1333 1418 1385 prius
1444 1338 1487 1373 et
1518 1332 1733 1386 posterius
1756 1332 1797 1372 in

264 1412 384 1446 motu
407 1406 521 1446 facto
544 1418 674 1457 super
698 1403 1062 1458 magnitudinem,
1085 1408 1129 1443 et
1158 1402 1275 1455 prius
1298 1408 1341 1442 et
1364 1402 1583 1453 posterius
1606 1401 1649 1441 in
1672 1407 1795 1442 motu

263 1481 361 1514 sunt
394 1487 525 1514 causa
558 1474 715 1527 prioris
749 1479 792 1514 et
829 1471 1081 1526 posterioris
1119 1471 1161 1510 in
1198 1477 1409 1523 tempore,
1442 1477 1489 1511 ut
1526 1470 1793 1511 Aristoteles

262 1543 380 1583 dicit.
444 1541 729 1583 Manifestum
762 1548 839 1591 est,
863 1540 1005 1593 igitur,
1037 1539 1155 1591 quod
1189 1552 1288 1578 cum
1322 1538 1412 1578 sole
1444 1545 1591 1592 partes
1628 1538 1794 1591 magni·
1818 1553 1843 1574 ει

262 1611 425 1651 tudinis
446 1611 608 1651 faciunt
636 1609 931 1650 substanciam
959 1607 1282 1661 magnitudinis,
1309 1613 1352 1647 et
1375 1606 1505 1647 nichil
1529 1606 1645 1647 aliud
1668 1606 1796 1647 faciet

263 1693 372 1728 eam,
405 1685 507 1720 tunc
539 1679 630 1719 sole
667 1685 813 1731 partes
851 1684 997 1718 motus
1033 1675 1197 1716 faciunt
1230 1675 1526 1716 substanciam
1558 1681 1716 1727 motus,
1752 1681 1795 1716 et

262 1748 353 1788 solc
376 1753 521 1801 partes
541 1748 751 1800 temporis
773 1746 932 1786 facient
947 1744 1243 1785 substanciam
1260 1745 1484 1797 temporis.
1537 1743 1614 1784 Set
1629 1743 1795 1785 instans

263 1830 350 1857 non
374 1822 439 1857 est
461 1830 561 1870 pars
582 1815 818 1869 temporis3
852 1828 969 1867 ergo,
991 1826 1078 1854 non
1102 1812 1259 1853 facient
1281 1812 1445 1865 aliquid
1468 1813 1524 1853 de
1545 1813 1796 1854 substancia

260 1885 472 1939 temporis
492 1901 500 1926 z
534 1893 576 1926 et
600 1884 684 1925 hoc
708 1891 773 1924 est
796 1883 1085 1924 necessarium
1113 1887 1294 1935 propter
1311 1881 1562 1933 hujusmodi
1586 1882 1793 1922 raciones.
1815 1896 1857 1927 25²·

262 1954 321 1994 Et
363 1960 558 2007 preterea
600 1955 778 1994 dantem
822 1952 1073 2006 oppositum
1108 1951 1212 1992 dicti
1255 1964 1406 1991 eorum
1452 1951 1668 2003 contingit
1708 1951 1792 1990 sal-

260 2037 362 2063 vare
390 2029 530 2063 totam
559 2023 787 2063 veritatem
818 2020 1055 2074 temporis;
1094 2033 1210 2073 ergo,
1239 2020 1478 2060 secundum
1507 2017 1794 2060 Aristotelem

263 2092 305 2130 in
331 2090 549 2140 Elcnclzz's,
573 2105 651 2131 sua
678 2090 846 2143 posicio
875 2095 940 2130 est
966 2102 1077 2129 vana
1104 2096 1147 2129 et
1171 2088 1291 2129 falsa.
1354 2088 1429 2128 Ad
1459 2087 1794 2129 excusacionem

260 2166 408 2199 tamen
442 2159 547 2200 dicti
582 2172 746 2208 eorum,
780 2159 814 2198 si
849 2157 1003 2198 volunt
1035 2157 1263 2197 veritatem
1310 2155 1522 2206 confiteri,
1563 2169 1794 2210 possumus

261 2228 542 2280 distinguere,
584 2241 682 2268 cum
727 2226 968 2267 Aristotele
1011 2231 1054 2266 et
1098 2225 1328 2274 Prisciano,
1371 2225 1489 2277 quod
1531 2237 1617 2264 uno
1660 2225 1792 2264 modo
1813 2238 1848 2269 30

261 2296 419 2336 dicitur
451 2297 615 2336 instans
648 2308 826 2349 presens
858 2295 1030 2348 penitus
1063 2293 1336 2343 indivisibile,
1367 2293 1485 2346 quod
1516 2299 1583 2333 est
1619 2293 1793 2346 proprie

261 2365 436 2411 instans,
459 2371 502 2404 et
525 2365 640 2405 istud
665 2377 751 2404 non
778 2369 843 2403 est
873 2363 1048 2416 proprie
1069 2362 1316 2403 substancia
1343 2361 1554 2415 temporis
1580 2374 1657 2401 nec
1679 2375 1791 2414 pars,

259 2440 325 2474 set
348 2433 570 2482 terminus,
588 2433 699 2473 sicut
718 2439 906 2484 punctus
930 2432 972 2470 in
994 2431 1134 2471 linea:
1168 2430 1252 2470 alio
1275 2430 1410 2470 modo
1442 2429 1600 2470 dicitur
1625 2429 1791 2469 instans

259 2515 434 2555 presens
457 2501 679 2549 divisibile,
703 2500 825 2553 cujus
848 2513 948 2553 pars
970 2499 1176 2553 preteriit,
1199 2512 1298 2551 pars
1321 2498 1465 2538 futura
1486 2504 1549 2538 est
1569 2513 1578 2546 ;
1610 2504 1653 2538 et
1676 2498 1791 2538 istud

305 2652 333 2680 7,
352 2643 372 2672 8
398 2642 482 2672 Item
501 2666 509 2673 .
529 2666 535 2673 .
558 2665 564 2672 .
582 2642 747 2681 temporis
763 2651 829 2671 om.
849 2640 883 2670 D
1025 2649 1060 2670 12
1087 2640 1182 2680 facit]
1200 2640 1301 2670 faciat
1318 2639 1351 2669 F
1477 2649 1515 2669 21
1542 2639 1660 2679 nichil]
1678 2649 1742 2669 nec
1756 2638 1790 2668 D

262 2693 377 2733 faciet]
390 2693 513 2723 facitD
602 2703 643 2723 22
668 2692 810 2733 faciunt]
830 2692 955 2723 facient
969 2692 1002 2721 F
1086 2696 1196 2722 motus
1214 2701 1280 2722 om.
1301 2691 1336 2720 D
1425 2700 1466 2730 24
1489 2690 1629 2730 sacient]
1646 2690 1746 2721 faciet
1761 2691 1794 2721 F
1855 2689 1860 2699 ⁸

258 2747 301 2775 26
327 2745 384 2785 Et]
404 2750 439 2776 ut
455 2745 489 2774 D
611 2755 650 2783 27
676 2744 807 2775 salvare
824 2754 890 2775 om.
909 2744 944 2774 D
1063 2753 1105 2783 29
1129 2743 1299 2783 confiteri]
1317 2743 1442 2774 confidi
1459 2742 1494 2772 D
1615 2752 1658 2781 30
1681 2742 1788 2782 quod]

258 2798 349 2835 quod
367 2797 495 2827 instans
511 2796 546 2825 D
635 2805 676 2834 32
699 2795 854 2835 proprie]
871 2799 942 2826 tota
959 2794 1022 2824 FD
