1898 3126
811 136 889 179 237

70 238 231 278 ‘locum
269 250 354 277 non
389 242 535 289 potest
572 235 661 277 fieri
696 237 777 277 nisi
812 238 1083 279 considerata
1120 240 1296 280 racione
1331 240 1445 290 loci;
1477 245 1520 280 et
1557 239 1616 279 ita

91 308 214 343 erunt
237 302 415 359 omnino
446 302 691 344 immobiles
714 303 952 343 secundum
978 304 1132 344 locum.
1195 305 1267 345 Ex
1301 319 1387 358 quo
1416 306 1618 346 videntur

91 371 211 423 sequi
243 370 594 411 inconveniencia
626 371 754 411 dicta.
819 372 877 412 Et
903 372 986 412 hoc
1018 372 1296 426 philosophia
1324 374 1484 414 clamat
1508 380 1615 424 tota,

90 439 207 492 quod
233 438 481 479 substancia
510 438 742 490 spiritualis
765 446 831 480 est
858 440 1098 480 immobilis
1126 442 1365 481 secundum
1389 441 1545 488 locum,
1568 447 1615 480 ut

53 528 70 558 5
91 508 276 549 habetur
297 508 339 547 in
361 506 469 547 libro
491 505 541 546 de
566 505 729 555 Cansis,
752 513 795 547 et
817 514 964 548 tamen
992 514 1196 562 operatur
1219 509 1261 549 in
1283 509 1392 549 locis
1424 509 1615 549 diversis.

93 576 150 617 Et
181 576 261 617 hec
292 582 357 616 est
383 576 657 628 quorundam
683 576 990 630 theologorum
1020 578 1184 630 posicio
1217 578 1384 618 famosa
1416 577 1617 626 Parisius‚

90 644 331 685 volencium
355 645 472 697 quod
499 651 703 697 operetur
725 645 767 684 in
790 645 883 686 celo
900 652 944 686 et
967 646 1007 686 in
1031 652 1156 695 terra,
1180 646 1278 687 licet
1305 660 1391 686 non
1422 652 1618 686 movetur

91 713 330 754 secundum
368 713 525 761 locum,
567 726 644 753 nec
684 719 888 754 mutetur.
952 715 1132 755 Ponitur
1170 715 1313 768 igitur,
1345 715 1462 767 quod
1501 713 1618 754 nulla

90 781 302 823 distancia
331 781 564 834 corporalis
590 782 773 835 impedit
801 783 1104 836 operacionem
1140 783 1295 835 angeli,
1319 796 1397 823 nec
1420 789 1617 834 respectu

35 872 73 894 10
92 851 183 904 ejus
207 856 272 891 est
294 850 438 903 aliqua
460 851 673 890 distancia
696 850 973 903 hujusmodi3
1007 865 1108 892 nam
1138 853 1350 894 distancia
1382 851 1618 904 corporalis

91 920 146 960 ad
170 933 350 973 corpora
372 918 565 967 refertur,
588 925 652 959 set
676 933 761 959 non
784 921 839 960 ad
863 921 1052 974 spiritus.
1116 921 1175 961 Et
1202 921 1299 961 ideo
1327 922 1361 961 si
1382 920 1617 973 'ymagine-

93 1002 189 1028 mur
210 987 413 1040 angelum
438 988 479 1027 in
505 987 612 1037 celo,
635 1001 720 1027 non
744 996 922 1041 propter
946 989 1029 1030 hoc
1059 990 1193 1030 distat
1215 1004 1240 1030 a
1262 996 1375 1029 terra
1406 988 1617 1029 distancia

92 1055 314 1109 corporali,
337 1069 422 1108 que
445 1063 643 1108 respectu
667 1056 758 1108 ejus
781 1057 898 1097 nulla
921 1065 1000 1109 est,
1021 1064 1085 1098 set
1115 1064 1312 1110 respectu
1342 1058 1547 1110 corporis,
1570 1063 1618 1096 ut

91 1125 214 1166 stelle
243 1125 285 1164 in
315 1123 406 1164 celo
439 1124 696 1175 existentis;
729 1132 772 1165 et
802 1126 902 1166 ideo
931 1126 1111 1179 angelus
1144 1139 1320 1179 presens
1352 1126 1447 1166 celo
1475 1131 1620 1178 potest

37 1214 72 1246 ¹5
93 1192 261 1248 operari
295 1193 337 1232 in
370 1197 495 1242 terra,
515 1199 558 1233 et
581 1206 603 1232 e
626 1206 860 1244 converso;
893 1200 936 1234 et
969 1207 1054 1233 non
1089 1201 1154 1235 θεῖ
1184 1195 1264 1235 nisi
1297 1195 1369 1234 ubi
1404 1200 1621 1247 operatur,

93 1262 201 1302 sicut
223 1261 328 1302 dicit
352 1260 514 1313 posicio
544 1260 852 1315 theologorum
889 1263 1196 1315 predictorum,
1219 1277 1297 1304 nec
1323 1263 1557 1315 respondet
1583 1262 1619 1300 ei

93 1330 250 1371 alicubi
283 1343 377 1369 esse
404 1330 485 1369 nisi
514 1342 591 1381 per
621 1331 938 1382 operacionem‚
966 1331 1009 1371 id
1038 1338 1115 1381 est,
1145 1333 1263 1383 quod
1295 1331 1496 1384 operacio
1529 1331 1621 1384 ejus

93 1400 147 1440 sit
176 1398 334 1439 alicubi
364 1398 406 1437 in
437 1397 530 1438 celo
562 1397 629 1438 vel
661 1398 702 1437 in
732 1405 845 1439 terra
875 1399 878 1452 l
907 1406 970 1440 set
1002 1400 1093 1452 ejus
1125 1400 1374 1441 substancia
1405 1412 1619 1452 nusquam
1639 1399 1680 1441 69
1699 1412 1717 1431 a
1736 1409 1763 1431 ¹·

94 1474 160 1508 est
188 1467 383 1508 localiter
418 1480 495 1520 per
528 1467 943 1508 determinacionem
974 1468 977 1521 l
1006 1468 1187 1520 alicujus
1215 1469 1327 1518 loci3
1359 1469 1460 1522 quia
1488 1469 1619 1509 situm
1642 1477 1677 1507 F.
1699 1479 1757 1508 108
1776 1488 1793 1507 a
1816 1485 1842 1506 2,

37 1549 180 1577 201101'1
210 1535 355 1576 habet.
418 1535 477 1575 Et
510 1536 609 1576 ideo
639 1549 738 1576 cum
767 1537 947 1590 angelus
980 1538 1110 1577 duxit
1144 1544 1186 1578 et
1216 1538 1393 1578 reduxit
1421 1537 1622 1579 Tobiam,

94 1605 293 1659 operacio
316 1603 408 1656 ejus
431 1610 474 1644 et
496 1618 654 1658 corpus
678 1611 955 1658 assumptum
976 1606 1205 1647 mutabant
1222 1606 1383 1654 locum,
1400 1612 1442 1645 et
1458 1605 1621 1646 fiebant

93 1675 135 1714 in
167 1673 347 1714 diversis
378 1673 509 1722 locis;
542 1679 608 1713 set
641 1675 890 1715 substancia
918 1673 1118 1728 angelica
1148 1675 1357 1715 remansit
1386 1674 1624 1714 immobilis

94 1756 267 1796 presens
303 1741 410 1791 celo,
444 1755 533 1782 non
576 1742 734 1783 absens
776 1756 801 1783 a
843 1750 969 1793 terra,
1007 1756 1086 1783 nec
1128 1749 1275 1783 tamen
1318 1743 1461 1783 locum
1498 1742 1623 1782 aliter

94 1811 322 1864 accipiens,
352 1823 429 1851 nec
462 1811 761 1851 determinans
789 1811 831 1850 in
863 1811 956 1851 celo
985 1824 1061 1851 nec
1093 1811 1135 1851 in
1165 1818 1292 1852 terra.
1356 1811 1487 1852 Unde
1515 1811 1623 1850 sicut

39 1894 75 1925 25
94 1893 180 1921 non
203 1886 268 1920 est
290 1880 504 1920 distancia
527 1879 762 1932 corporalis
787 1880 896 1920 inter
919 1880 1006 1920 duo
1027 1886 1238 1932 tempora,
1261 1880 1435 1928 scilicet,
1459 1879 1625 1919 Pascha

95 1955 138 1989 et
172 1948 472 1996 Pentecosten,
505 1955 547 1988 et
580 1953 730 1988 tamen
763 1953 940 2000 tempus
973 1955 1039 1989 est
1066 1949 1210 2001 passio
1242 1948 1491 2001 corporalis,
1523 1947 1624 2000 quia

94 2023 159 2057 est
192 2030 392 2057 mensura
426 2023 571 2056 motus
603 2017 809 2068 corporis,
843 2017 902 2056 sic
935 2023 1000 2056 est
1041 2016 1122 2066 hic,
1153 2023 1197 2057 et
1230 2017 1356 2069 longe
1398 2016 1546 2069 magis,
1576 2022 1624 2057 ut

95 2086 243 2126 dicunt
266 2085 350 2134 isti,
372 2085 473 2137 quia
494 2084 669 2138 spiritus
690 2084 912 2137 angelicus
934 2084 1065 2125 nichil
1088 2091 1152 2125 est
1174 2086 1378 2138 corporis.

153 2154 232 2196 Set
264 2160 367 2194 tunc
399 2152 519 2192 fortis
548 2152 743 2205 objeccio
768 2154 904 2193 oritur
943 2154 1045 2205 quia
1075 2160 1180 2194 tunc
1213 2155 1291 2194 erit
1318 2154 1480 2205 ubique
1512 2153 1624 2193 sicut

40 2235 79 2266 30
99 2223 232 2274 Deus,
265 2228 308 2262 et
352 2222 412 2262 ita
454 2221 534 2262 erit
577 2222 778 2274 potencie
814 2221 995 2262 infinite.
1059 2221 1105 2262 Si
1141 2222 1256 2262 enim
1293 2228 1359 2263 est
1392 2221 1625 2261 immobilis

98 2292 334 2332 secundum
359 2291 517 2337 locum,
541 2296 583 2330 et
608 2303 693 2329 non
717 2291 984 2331 determinat
1006 2290 1086 2330 sibi
1118 2290 1262 2331 locum
1286 2291 1329 2330 in
1351 2290 1444 2331 celo
1475 2303 1552 2330 nec
1582 2289 1638 2329 in·

97 2369 224 2409 terra,
246 2374 344 2400 cum
368 2373 545 2412 presens
567 2365 632 2399 est
655 2359 748 2399 celo
773 2373 859 2400 non
883 2360 1008 2400 abest
1030 2374 1055 2400 a
1078 2365 1204 2409 terra,
1227 2373 1331 2412 ergo
1355 2360 1433 2400 erit
1468 2360 1509 2398 in
1533 2359 1625 2399 celo

142 2511 160 2539 5
185 2503 229 2532 de
247 2500 394 2541 causis]
412 2510 438 2531 c.
456 2500 500 2532 vi.

147 2643 160 2662 1
187 2632 314 2673 potest]
333 2633 457 2672 poterit
473 2632 506 2662 F
589 2631 669 2673 nisi]
687 2632 750 2662 nisi
769 2642 812 2662 ex
831 2632 863 2661 F
997 2633 1018 2662 6
1043 2631 1193 2662 Parisius
1209 2642 1274 2662 om.
1294 2631 1329 2661 D
1472 2641 1489 2670 7
1513 2631 1628 2662 volen-

102 2683 206 2724 cium]
223 2684 380 2714 volentes
395 2683 473 2714 FB:
499 2683 699 2714 violencium
718 2682 753 2713 D
903 2684 944 2714 16
968 2692 1030 2714 nec
1048 2683 1232 2722 respondet
1248 2682 1295 2723 ei]
1312 2683 1345 2713 id
1364 2687 1424 2723 est,
1444 2693 1511 2713 non
1530 2683 1630 2713 debet

102 2735 165 2766 dici
182 2735 244 2765 FB
357 2736 460 2774 17-18
485 2745 561 2766 esse
578 2759 585 2766 .
607 2759 613 2766 .
633 2759 639 2766 .
657 2735 781 2766 alicubi
798 2745 863 2765 om.
883 2734 917 2764 F
1022 2745 1063 2766 20
1088 2734 1205 2775 habet]
1222 2734 1348 2765 habent
1459 2745 1496 2765 21
1524 2739 1629 2765 muta-

102 2786 198 2827 bant]
218 2787 395 2817 mutabunt
412 2786 447 2817 D
578 2797 622 2826 30
646 2786 755 2827 Deus]
773 2786 900 2817 diceret
915 2786 938 2816 I-
