1898 3126
850 129 928 169 247

125 226 332 279 opposita
363 227 556 268 secundo
597 228 735 268 motui
767 236 833 270 est
865 229 1119 280 successiva,
1155 236 1199 269 et
1231 229 1329 269 ideo
1361 243 1448 269 non
1485 236 1550 270 est
1587 229 1659 269 illa

127 295 317 335 mutacio
349 296 390 335 in
424 295 600 337 instanti
633 303 699 337 set
726 297 768 337 in
795 304 1007 351 tempore,
1030 304 1073 338 et
1098 297 1177 339 hec
1209 298 1401 339 mutacio
1433 306 1498 338 est
1529 311 1656 351 gene-

126 364 242 403 racio
273 362 341 404 vel
371 366 610 418 corrupcio.
674 364 722 406 Si
755 366 912 406 dicitur
943 367 1062 418 quod
1100 366 1330 419 generacio
1367 372 1430 406 est
1469 366 1659 406 mutacio

125 447 150 472 a
187 432 525 473 contradictorio
567 433 609 473 in
651 434 1053 482 contradictorium,
1092 441 1135 475 et
1173 435 1285 475 inter
1321 435 1659 475 contradictoria

87 518 104 546 5
127 513 212 540 non
236 506 301 541 est
325 502 528 551 medium,
552 514 669 555 ergo,
692 516 778 543 non
801 509 902 543 sunt
928 503 1089 556 gradus
1112 503 1244 543 medii
1268 503 1310 542 in
1334 502 1492 555 quibus
1513 509 1659 543 currat

70 860 108 882 ΞΟ

73 1551 111 1572 20

73 1893 111 1923 25

48 2236 115 2267 ,30

128 574 284 618 motus,
310 575 377 609 set
413 568 553 610 solum
588 570 668 610 erit
700 571 845 611 exitus
876 571 932 610 ab
964 584 1051 611 uno
1083 570 1424 612 contradictorio
1451 571 1493 610 in
1525 571 1659 617 aliud,

127 637 358 678 dicendum
376 639 494 691 quod
518 651 594 679 ens
616 639 657 678 in
682 640 896 692 potencia,
915 640 1033 692 quod
1055 645 1235 680 vocatur
1257 652 1343 680 non
1366 652 1441 680 ens
1460 646 1658 692 respectu

127 705 238 746 entis
272 706 313 745 in
347 713 447 747 actu
476 707 691 759 specifico,
724 721 810 747 non
843 714 910 748 est
939 721 1096 760 purum
1129 714 1380 748 extremum
1413 708 1660 748 contradic-

127 774 274 822 cionis‚
289 775 392 827 quia
405 789 515 828 pura
529 776 710 829 negacio
729 783 794 817 est
812 790 898 817 non
922 790 1010 825 ens,
1025 777 1142 830 quod
1161 790 1301 829 neque
1319 782 1384 817 est
1402 783 1502 817 actu
1520 789 1661 828 neque

128 843 169 883 in
199 843 415 895 potencia,
438 849 482 884 et
513 844 601 885 tale
632 858 717 885 non
751 858 827 886 ens
858 859 944 886 non
978 851 1044 885 θεῖ
1073 845 1319 898 subjectum
1346 845 1661 898 generacionis‚

126 924 205 952 nec
237 912 294 952 ab
327 925 378 951 eo
410 912 494 953 itur
525 913 580 953 ad
613 926 699 963 ens,
722 927 801 954 nec
833 920 899 954 θεῖ
930 913 1077 966 aliqua
1108 914 1419 954 transmutacio
1451 912 1661 954 naturalis

127 995 152 1021 a
183 993 270 1021 non
303 986 404 1021 ente
435 980 496 1022 sic
527 981 582 1021 ad
615 995 702 1022 ens.
780 982 962 1023 Creacio
993 982 1107 1022 enim
1146 988 1213 1023 θεῖ
1244 996 1270 1022 a
1300 995 1388 1021 non
1420 987 1521 1021 ente
1552 995 1661 1033 puro

128 1049 183 1090 ad
221 1062 306 1098 enS,
329 1055 395 1089 set
426 1051 656 1103 generacio
688 1057 754 1092 est
786 1065 811 1091 a
842 1064 929 1091 non
961 1057 1060 1091 ente
1092 1052 1134 1090 in
1168 1056 1267 1091 actu
1299 1049 1516 1103 specifico,
1542 1050 1660 1101 quod

128 1124 193 1158 θεῖ
225 1131 302 1158 ens
334 1119 376 1158 in
408 1125 507 1159 actu
539 1119 759 1173 generali3
793 1126 835 1160 et
868 1119 968 1159 ideo
996 1126 1228 1172 utrumque
1256 1125 1505 1159 extremum
1528 1131 1660 1171 gene-

130 1186 312 1227 racionis
344 1192 408 1227 θεῖ
440 1201 539 1228 vere
565 1200 652 1237 ens,
680 1194 723 1229 et
755 1189 918 1229 cadunt
951 1188 1032 1228 sub
1065 1201 1150 1229 uno
1180 1194 1380 1228 extremo
1413 1186 1660 1227 contradic-

129 1255 273 1303 (tionis,
290 1255 467 1305 scilicet,
483 1256 563 1296 sub
585 1255 905 1310 afifirrnacione,
925 1257 966 1296 in
984 1270 1070 1309 qua
1091 1256 1395 1303 affirmacione,
1415 1256 1517 1307 quia
1536 1255 1662 1295 multi

129 1324 290 1375 gradus
321 1330 421 1364 sunt
456 1324 567 1365 inter
598 1325 913 1378 incompletum
944 1332 986 1365 et
1016 1324 1299 1378 completum,
1321 1324 1452 1364 currit
1481 1336 1663 1377 genera-

130 1391 214 1432 bile
250 1393 491 1433 successive
533 1408 610 1447 per
651 1394 1068 1434 transmutacionem
1106 1407 1192 1446 que
1234 1398 1298 1432 θεῖ
1339 1391 1581 1445 generaciO,
1620 1397 1663 1431 et

130 1461 229 1500 ideo
259 1462 487 1513 generacio
519 1469 584 1502 θεῖ
622 1468 780 1502 motus.
856 1462 915 1502 Et
947 1475 1044 1502 cum
1077 1461 1249 1502 solebat
1286 1460 1398 1500 obici
1432 1461 1550 1512 quod
1585 1472 1663 1499 nos

130 1529 329 1570 videmus
354 1530 502 1581 gravia
528 1536 571 1570 et
596 1529 709 1570 levia
741 1531 980 1571 successive
1007 1530 1105 1570 ferri
1132 1534 1310 1583 propter
1340 1528 1631 1569 resistenciam
1660 1546 1662 1579 ᾗ

132 1598 275 1647 medii,
301 1599 403 1650 quia
434 1598 468 1638 si
500 1604 614 1639 esset
645 1612 830 1639 vacuum
863 1606 905 1639 et
937 1597 1056 1638 nulla
1089 1597 1339 1638 resistencia
1372 1597 1493 1636 fieret
1526 1602 1664 1636 trans-

132 1668 323 1707 mutacio
353 1667 395 1707 in
423 1680 510 1707 non
539 1674 738 1719 tempore
768 1674 810 1708 et
841 1668 882 1706 in
917 1667 1112 1716 instanti,
1134 1667 1235 1718 quia
1261 1665 1386 1705 vacui
1409 1665 1462 1705 ad
1487 1665 1663 1718 plenum

133 1748 220 1776 non
244 1741 309 1775 est
331 1736 573 1789 proporciO,
600 1742 648 1776 ut
670 1737 867 1788 arguitur
888 1740 934 1784 4⁰
956 1735 1236 1775 Pllz'sz'comcm
1256 1748 1264 1783 ;
1299 1739 1364 1774 set
1391 1734 1434 1772 in
1465 1733 1588 1773 exitu
1611 1733 1665 1772 dc

132 1804 333 1857 potencia
354 1805 410 1844 ad
439 1811 613 1845 actum:
649 1818 736 1845 non
768 1811 833 1845 θεῖ
864 1804 1111 1844 resistencia
1133 1803 1291 1856 aliqua,
1313 1802 1416 1854 quia
1443 1800 1666 1854 perficitur

131 1873 333 1924 potencia
365 1887 442 1925 per
472 1879 645 1922 actum;
687 1873 921 1913 dicendum
955 1879 1019 1912 est
1051 1873 1171 1925 quod
1202 1884 1281 1911 nos
1312 1870 1509 1910 videmus
1545 1869 1663 1921 quod

134 1948 280 1982 motus
316 1940 395 1981 celi
434 1941 482 1981 fit
519 1955 619 1981 cum
661 1941 942 1988 successione,
980 1940 1080 1980 licet
1117 1953 1203 1980 non
1241 1940 1295 1979 sit
1334 1938 1586 1979 resistencia
1624 1939 1665 1976 in

133 2010 216 2050 hoc
253 2015 388 2060 motu,
426 2016 469 2050 et
511 2009 612 2050 ideo
654 2016 824 2049 motum
862 2008 1116 2061 simpliciter
1156 2021 1242 2048 non
1279 2007 1379 2047 facit
1421 2005 1667 2046 resistencia

133 2084 199 2118 set
230 2077 363 2130 spacii
395 2077 671 2118 divisibilitas
703 2078 746 2116 in
780 2082 902 2117 motu
934 2075 1074 2127 locali,
1099 2075 1166 2116 vel
1200 2075 1456 2128 magnitudo
1488 2075 1530 2114 in
1561 2087 1665 2125 aug-

135 2152 283 2186 mento
314 2152 356 2187 et
389 2146 692 2192 diminucione,
729 2152 771 2185 et
803 2144 944 2186 forme
980 2144 1261 2185 accidentalis
1308 2142 1582 2184 divisibilitas
1625 2142 1666 2180 in

135 2214 408 2264 alteracione‚
450 2220 494 2254 et
534 2214 834 2255 substancialis
881 2214 922 2253 in
963 2212 1248 2266 generacione
1289 2217 1331 2251 et
1373 2211 1665 2263 corrupcione.

137 2282 270 2335 Quod
303 2288 450 2323 autem
483 2283 615 2323 obicit
647 2283 702 2323 de
732 2295 900 2329 vacuo;
938 2281 1168 2322 dicendum
1201 2287 1267 2321 est
1301 2280 1419 2332 quod
1453 2284 1665 2331 quantum

134 2357 201 2393 est
233 2353 288 2392 de
319 2351 489 2392 racione
519 2351 643 2392 vacui
677 2351 797 2391 fieret
829 2349 1144 2390 transmutacio
1176 2349 1218 2388 in
1249 2348 1438 2396 instanti,
1461 2348 1495 2386 si
1523 2346 1667 2399 aliqua

179 2505 221 2533 23
245 2492 498 2533 Phisieorum]
517 2493 558 2523 iv.
577 2502 626 2532 71,
648 2502 698 2530 72.

183 2636 195 2655 1
223 2629 276 2655 est
292 2622 500 2663 successiva]
519 2623 553 2652 in
570 2621 788 2653 successione
805 2620 891 2650 sicut
908 2619 964 2650 ille
984 2624 1093 2650 motus
1108 2618 1141 2648 F
1344 2619 1365 2648 6
1389 2617 1496 2657 aliud]
1512 2616 1612 2647 alium
1631 2616 1671 2645 M

135 2689 158 2716 9
181 2676 288 2717 quod]
306 2686 370 2714 que
386 2675 455 2704 DF
532 2673 624 2713 actu]
643 2674 677 2702 in
694 2678 807 2703 actum
825 2671 857 2701 F
946 2681 984 2709 13
1008 2668 1190 2709 generacio
1207 2679 1271 2699 om.
1290 2668 1323 2698 F
1410 2678 1453 2699 20
1476 2668 1668 2699 successive

137 2727 235 2768 ferri]
253 2727 473 2759 successione
491 2725 565 2756 fieri
580 2725 615 2754 D
740 2722 837 2763 ferri]
857 2722 929 2752 fieri
947 2722 979 2752 F
1095 2731 1133 2751 21
1161 2719 1269 2760 esset]
1288 2720 1386 2750 fieret
1403 2720 1435 2749 F
1540 2730 1581 2757 24
1599 2729 1667 2748 non

139 2790 204 2811 om.
223 2778 263 2808 M
394 2788 434 2816 27
459 2776 538 2818 hoc]
556 2776 610 2807 illo
627 2775 661 2806 D

1687 1273 1720 1305 71
1743 1266 1762 1296 b
1783 1273 1807 1296 1.

1687 1609 1727 1639 I).
1746 1609 1785 1649 65
1804 1620 1832 1639 a.
