1898 3126
804 88 884 129 203

60 200 62 203 ·
79 201 154 242 per
167 188 345 228 verbum
365 186 629 237 Aristotelis,
645 187 753 228 libro
770 188 837 227 De
856 189 994 229 Seusu
1009 196 1052 229 et
1069 190 1260 239 sensato,
1276 190 1348 230 ubi
1367 191 1470 232 dicit
1485 191 1602 243 quod

79 257 293 298 elementa
324 268 410 294 non
443 261 580 308 agunt
611 268 691 296 nec
721 256 961 308 paciuntur,
984 257 1062 297 nisi
1094 259 1331 299 secundum
1362 259 1481 310 quod
1502 271 1602 299 con-

79 324 219 372 traria,
262 329 305 363 et
345 322 426 363 hoc
458 329 524 364 est
565 323 804 363 secundum
843 324 1076 375 qualitates
1108 324 1330 366 sensibiles
1362 326 1523 366 activas
1559 332 1603 366 et

80 392 302 446 passivas;
333 391 574 431 secundum
603 391 732 443 igitur
759 392 873 432 istud
896 393 1089 440 verbum,
1117 406 1204 433 non
1234 399 1298 433 est
1320 394 1604 434 contrarietas

46 462 123 508 5in
153 459 409 501 substanciis
442 459 771 509 elementorum,
802 461 844 499 in
876 466 1090 513 quantum
1124 468 1222 502 sunt
1265 468 1410 513 partes
1444 460 1606 510 mundi,

82 530 180 571 licet
215 528 270 568 sit
302 527 543 568 diversitas.
605 528 700 569 Nec
731 535 864 581 agunt
897 542 1045 569 eorum
1078 530 1325 570 substancie
1361 530 1605 582 passionem

81 611 165 651 que
185 596 246 646 fit,
269 597 311 636 in
333 595 663 648 corrupcionem
684 603 749 637 set
772 597 812 636 in
836 596 1032 644 salutem,
1055 597 1228 647 scilicet,
1250 611 1326 650 per
1348 597 1606 651 multiplica-

82 666 247 707 cionem
278 664 436 718 speciei
470 671 513 705 et
547 665 719 705 virtutis
753 665 962 706 salvantis
996 665 1102 706 illud
1138 666 1256 719 quod
1298 666 1416 706 illam
1454 666 1609 718 recipit

81 734 297 775 virtutem.
359 733 493 774 Unde
529 733 814 774 contrarietas
849 734 988 774 oritur
1027 734 1068 774 in
1102 735 1175 782 eis,
1210 735 1321 775 sicut
1359 734 1494 774 multe
1525 734 1607 774 alie

28 817 66 839 10
81 802 369 848 condiciones,
393 802 436 841 in
467 808 681 854 quantum
710 808 812 842 sunt
836 808 981 855 partes
1014 803 1154 852 mixti,
1186 810 1229 843 et
1261 803 1497 860 secundum
1525 802 1608 842 hoc

84 877 219 924 agunt
249 869 473 924 passiones
505 870 783 922 corruptivas.
848 870 917 911 De
948 871 1031 912 hoc
1072 872 1113 911 in
1152 878 1341 912 tractatu
1377 871 1607 924 specierum

83 939 214 980 habet
237 939 406 992 plenius
428 938 669 989 certificari,
683 945 726 980 et
748 939 959 989 similiter,
982 941 1023 980 in
1048 945 1234 981 tractatu
1257 940 1309 980 de
1328 940 1544 981 elementis
1565 940 1608 980 in

83 1007 217 1062 speris
240 1007 352 1058 suis;
384 1007 453 1048 hic
475 1007 617 1048 solum
638 1014 775 1061 tango
803 1008 1140 1049 fundamentum
1171 1021 1301 1062 super
1325 1009 1442 1061 quod
1474 1008 1533 1048 ibi
1555 1009 1610 1048 sit

84 1076 302 1129 copiosior
332 1076 566 1129 exposicio‚
598 1083 642 1117 et
667 1083 816 1117 tamen
845 1076 928 1118 hoc
960 1076 1140 1118 verbum
1178 1084 1244 1117 est
1277 1076 1531 1117 Aristotelis
1568 1076 1610 1115 in

29 1157 64 1187 Ι5
88 1145 225 1186 Sensu
244 1150 287 1184 et
316 1144 509 1185 Sensato.
574 1145 633 1185 Et
665 1145 784 1198 quod
817 1145 888 1186 hic
921 1145 1078 1186 dicitur
1101 1146 1156 1186 de
1177 1145 1415 1198 negacione
1436 1150 1606 1185 contra-

86 1213 248 1254 rietatis
270 1219 417 1267 potest
446 1213 554 1253 solvi
585 1227 662 1266 per
682 1213 901 1267 duplicem
925 1215 1292 1262 contrarietatem,
1315 1227 1498 1266 quarum
1523 1226 1610 1252 una

86 1289 151 1324 est
181 1282 430 1323 substancia
460 1282 777 1323 elementorum
805 1284 847 1324 in
877 1284 1012 1336 speris
1045 1284 1143 1332 suis,
1182 1284 1266 1324 alia
1297 1296 1397 1331 non,
1429 1283 1539 1322 sicut
1571 1281 1614 1320 in

86 1357 272 1393 tractatu
289 1352 516 1404 specierum
538 1351 707 1401 dicitur,
722 1358 786 1393 set
807 1352 876 1394 hic
892 1353 1048 1406 loquor
1063 1353 1303 1394 secundum
1322 1351 1613 1392 intencionem

85 1419 350 1469 Aristotelis,
380 1420 557 1470 scilicet,
591 1421 710 1473 quod
743 1422 1043 1470 contrarietas,
1076 1434 1161 1473 que
1202 1426 1268 1461 est
1299 1432 1427 1460 causa
1469 1431 1612 1458 corru-

33 1503 71 1525 20
88 1488 263 1540 pcioniS‚
287 1501 374 1529 non
400 1495 464 1530 est
491 1488 534 1528 in
562 1489 790 1530 elementis
814 1490 855 1530 in
888 1491 1026 1543 speris
1057 1489 1142 1529 suis
1176 1488 1415 1529 secundum
1439 1492 1615 1526 naturas

88 1570 186 1597 suas
218 1557 455 1609 absolutas,
490 1557 592 1599 licet
629 1558 684 1599 sit
720 1558 777 1598 ibi
812 1558 896 1599 alia
937 1558 1233 1606 contrarietas,
1270 1557 1379 1597 sicut
1417 1556 1459 1595 in
1496 1555 1614 1594 omni

89 1638 244 1678 genere
265 1632 330 1666 est
353 1639 438 1667 una
460 1627 743 1668 contrarietas
767 1627 907 1679 prima
931 1627 1042 1667 inter
1060 1626 1308 1680 potenciam
1332 1631 1376 1665 et
1397 1629 1556 1672 actum,
1573 1628 1615 1662 et

90 1694 200 1734 inter
235 1693 503 1736 differencias
538 1696 774 1737 contrarias
815 1696 927 1736 circa
970 1695 1086 1735 idem
1127 1707 1276 1746 genus,
1341 1692 1472 1745 Quod
1514 1704 1615 1732 vero

91 1763 311 1816 objectum
343 1770 408 1804 est
449 1764 504 1804 de
530 1761 536 1818 Ι
565 1764 818 1805 diversitate
859 1769 1010 1803 nature
1043 1762 1212 1803 celestis
1244 1762 1299 1802 ab
1337 1759 1611 1801 elementari:
1634 1767 1708 1807 58a
1727 1774 1753 1796 1.

36 1845 72 1876 25
90 1831 321 1872 dicendum
345 1837 411 1871 est
432 1833 549 1884 quod
572 1833 614 1872 in
648 1838 802 1873 natura
833 1831 1033 1886 specifica
1063 1830 1279 1878 differunt,
1301 1835 1366 1869 set
1392 1836 1540 1869 tamen
1573 1828 1615 1867 in

91 1899 174 1940 alio
195 1900 460 1941 conveniunt
490 1900 533 1940 in
565 1906 720 1942 natura
750 1900 955 1955 generali,
979 1912 1063 1952 que
1086 1905 1150 1939 est
1173 1903 1327 1938 natura
1352 1895 1616 1943 universalis,

92 1968 145 2008 de
180 1981 266 2020 qua
297 1969 493 2021 superius
525 1973 691 2010 tactum
724 1975 818 2019 est;
851 1976 894 2009 et
926 1968 1059 2008 habet
1092 1979 1185 2006 esse
1217 1966 1257 2005 in
1291 1965 1383 2006 celo
1415 1964 1614 2011 nobilius,

92 2043 268 2089 propter
297 2037 416 2089 quod
449 2042 594 2089 potest
637 2037 804 2078 salvare
835 2037 1111 2077 elementum.
1175 2034 1323 2074 Potest
1355 2032 1492 2073 eciam
1534 2031 1615 2071 dici

93 2104 208 2157 quod
231 2104 371 2145 omnis
397 2111 593 2146 creatura
625 2112 728 2146 nata
759 2111 825 2146 est
856 2109 1037 2158 propter
1066 2101 1249 2143 salutem
1272 2101 1411 2141 tocius
1433 2099 1615 2140 universi

37 2191 76 2222 30
93 2172 318 2214 assimilari
346 2172 431 2221 alii,
453 2179 495 2213 et
518 2173 618 2214 ideo
647 2173 911 2214 elementum
942 2177 1093 2212 natum
1119 2175 1183 2210 est
1205 2168 1446 2210 assimulari
1468 2167 1617 2209 celesti

94 2247 252 2289 nature,
271 2246 314 2281 et
328 2246 393 2280 est
410 2241 452 2280 in
467 2241 670 2294 potencia
686 2240 871 2282 naturali
891 2241 945 2281 ad
970 2239 1087 2280 illam
1110 2236 1618 2289 assimulacionem‚quia

139 2400 166 2429 1,
187 2399 225 2429 15
249 2392 303 2420 De
322 2393 444 2421 Sensu
460 2394 498 2422 et
517 2390 691 2430 sensato]
709 2390 742 2420 in
761 2390 818 2420 the
837 2389 1040 2429 paraphrase
1059 2388 1097 2419 of
1107 2388 1290 2418 Averroes.
1410 2396 1459 2424 11,
1483 2386 1520 2416 18
1544 2389 1615 2416 tra-

94 2443 195 2471 ctatu
210 2441 435 2482 specierum]
461 2441 616 2481 possibly
632 2441 691 2471 the
708 2441 749 2471 de
764 2440 1040 2480 multiplicatione
1057 2439 1260 2478 specierum.

141 2586 155 2607 1
181 2577 252 2618 ubi]
270 2583 306 2608 ut
323 2578 358 2608 D
467 2589 487 2608 2
511 2580 594 2619 non]
614 2589 675 2609 nec
692 2579 726 2609 D
839 2589 855 2616 7
881 2578 932 2618 fit]
951 2578 994 2608 sit
1012 2577 1046 2606 D
1159 2578 1179 2607 8
1203 2575 1381 2616 salvantis]
1396 2575 1569 2606 salvantur
1585 2575 1619 2604 D

95 2628 198 2669 illam]
216 2629 272 2659 illa
288 2629 323 2659 D
415 2639 452 2668 13
476 2630 597 2671 tango]
615 2630 764 2669 tangitur
780 2629 815 2659 D
906 2640 942 2668 17
967 2628 999 2658 in
1011 2628 1121 2667 speris
1135 2628 1203 2658 suis
1216 2638 1281 2659 om.
1293 2627 1328 2657 D
1420 2627 1458 2656 18
1482 2624 1619 2666 dicitur]

96 2680 227 2717 predixi
237 2680 299 2710 FD
366 2681 503 2722 loquor]
519 2681 667 2720 loquitur
677 2681 710 2711 F
771 2679 1018 2720 intencionem]
1030 2684 1179 2709 mentem
1190 2676 1244 2709 D·
1316 2688 1356 2717 19
1371 2677 1517 2717 scilicet]
1529 2682 1581 2707 set
1593 2675 1626 2706 F

95 2738 133 2759 21
159 2731 244 2761 sicut
260 2732 293 2761 in
311 2732 399 2762 omni
417 2742 544 2770 genere
562 2737 613 2763 est
631 2743 695 2763 una
713 2732 936 2763 contrarietas
953 2741 1017 2761 om.
1036 2729 1109 2761 MD
1241 2730 1349 2768 25—26
1373 2729 1405 2758 in
1422 2728 1487 2759 alio
1504 2739 1569 2760 om.
1588 2727 1622 2757 D

828 2796 900 2826 ΡΩ
