1898 3126
79 486 95 516 5

58 826 95 848 10

56 1511 94 1531 20

846 90 922 132 271

116 208 278 235 eorum.
356 195 602 235 Dicendum
642 201 706 235 est
748 195 865 248 quod
908 200 1063 234 natura
1104 193 1406 234 substancialis
1442 192 1645 233 elementi

118 263 319 317 producit
361 268 560 303 naturam
621 261 955 304 substancialem
997 261 1078 302 sibi
1120 261 1305 301 similem
1349 262 1404 302 de
1444 261 1647 313 potencia

119 331 311 382 materie,
345 337 389 372 et
426 336 579 371 natura
613 331 892 372 accidentalis
929 330 1021 383 ejus
1061 330 1262 383 producit
1296 329 1508 377 accidens,
1544 328 1646 381 quia

116 407 283 440 certum
306 406 371 440 est
393 400 509 451 quod
534 412 621 439 non
644 399 784 439 solum
808 399 1008 439 accidens
1023 398 1274 451 producitur
1297 404 1363 438 set
1385 397 1646 437 substancia.

119 467 195 509 Set
228 467 496 520 impossibile
529 474 594 508 est
625 468 743 520 quod
775 468 975 509 accidens
1004 468 1217 521 producat
1239 466 1546 513 substanciam,
1568 478 1645 504 nec

117 550 193 590 per
214 549 259 576 se
291 536 393 588 quia
418 542 522 576 tunc
549 543 663 577 esset
687 536 889 585 nobilius,
915 549 1056 588 neque
1086 549 1163 589 per
1188 535 1388 576 accidens
1417 534 1519 587 quia
1543 540 1645 573 tunc

114 606 342 658 generacio
383 605 631 645 substancie
664 612 777 646 esset
819 604 1098 645 accidentalis
1139 611 1182 645 et
1224 618 1309 644 non
1352 601 1648 657 principaliter

115 673 281 714 intenta
307 688 332 714 a
361 680 527 714 natura.
589 673 667 714 Set
698 673 948 714 substancia
975 673 1162 714 nobilior
1189 680 1253 713 est
1285 673 1519 721 accidente,
1542 684 1646 723 ergo

114 742 206 795 ejus
227 742 455 794 generacio
479 748 544 782 est
567 741 827 796 principalis,
851 755 983 794 quare
1005 757 1029 782 a
1052 741 1345 795 principaliter
1366 746 1524 794 agente
1545 753 1645 792 pro-

115 812 306 852 ducetur.
370 810 447 852 Set
480 811 564 852 tale
597 812 840 865 producens
872 824 958 851 non
992 817 1137 864 potest
1170 825 1264 851 esse
1297 811 1512 860 accidens,
1543 809 1645 861 quia

115 878 346 932 ignobilius
368 886 482 920 esset
503 881 731 931 producto,
753 880 870 932 quod
892 892 980 920 non
1003 885 1149 932 potest
1172 885 1298 920 stare.
1388 925 1390 927 v

173 948 267 989 Nec
300 955 447 1000 potest
474 948 555 988 dici
589 949 707 1001 quod
732 949 868 989 virtus
900 948 980 989 celi
1012 948 1212 1000 producit
1235 947 1531 988 substanciam
1555 946 1642 986 ele-

115 1017 249 1056 menti
286 1023 329 1057 et
366 1030 453 1057 non
487 1017 626 1056 forma
660 1016 963 1058 substancialis
999 1016 1282 1064 elementaris,
1318 1015 1419 1068 quia
1460 1016 1569 1056 sicut
1602 1029 1646 1055 se

113 1084 247 1126 habet
271 1085 473 1125 accidens
505 1085 709 1126 elementi
739 1086 793 1125 ad
820 1085 1159 1138 produccionem
1185 1085 1430 1134 accidentis,
1452 1085 1511 1124 sic
1543 1084 1646 1124 sub-

76 1168 91 1199 5
115 1153 283 1194 stancia
305 1154 358 1193 ad
394 1154 731 1206 produccionem
763 1154 1023 1202 substancie,
1045 1153 1126 1193 nisi
1149 1153 1397 1194 substancia
1420 1164 1506 1192 non
1530 1159 1645 1192 esset

113 1222 265 1262 activa.
328 1221 406 1262 Set
439 1229 515 1269 est,
537 1223 640 1274 quia
672 1223 725 1262 de
754 1223 982 1263 nobilitate
1005 1222 1240 1263 accidentis
1264 1228 1327 1262 est
1351 1222 1467 1274 quod
1499 1227 1644 1274 potest

113 1290 194 1331 sibi
230 1290 371 1331 simile
412 1303 628 1343 generare.
693 1291 751 1331 Et
793 1291 904 1338 ideo,
944 1304 1043 1331 cum
1083 1290 1332 1332 substancia
1367 1290 1422 1330 sit
1457 1289 1645 1330 nobilior

113 1360 338 1400 accidente
369 1359 459 1399 sine
491 1361 834 1413 comparacione,
856 1360 1017 1413 poterit
1048 1360 1128 1399 sibi
1161 1359 1299 1399 simile
1321 1360 1572 1411 producere,
1601 1365 1642 1397 et

114 1429 212 1469 ideo
235 1428 485 1469 substancia
507 1429 733 1482 generabit
755 1430 1062 1477 substanciam,
1081 1429 1192 1469 sicut
1209 1429 1411 1469 accidens
1433 1432 1612 1479 generat
1638 1425 1641 1478 l

112 1497 323 1539 accidens
388 1497 446 1538 Et
470 1497 584 1538 istud
608 1498 648 1537 in
676 1497 902 1539 universali
928 1499 1274 1539 demonstratum
1306 1503 1371 1537 est
1394 1497 1435 1536 in
1457 1502 1644 1537 tractatu

113 1566 180 1606 De
210 1566 447 1619 ageutibm,
473 1571 516 1606 et
546 1566 603 1606 ibi
635 1567 842 1618 exposita
864 1572 930 1607 est
959 1566 1038 1607 hec
1071 1567 1304 1616 dubitacio,
1328 1565 1448 1619 cujus
1471 1564 1645 1618 exposi-

115 1636 248 1675 cionis
270 1648 443 1675 summa
465 1641 532 1675 est
553 1636 670 1688 quod
688 1636 728 1674 in
746 1641 789 1676 20
801 1635 869 1676 De
876 1637 1157 1688 generacioue
1173 1649 1258 1676 non
1276 1635 1376 1676 facit
1391 1647 1646 1687 expressam

115 1704 386 1745 mencionem
429 1705 471 1744 in
512 1704 744 1757 exemplis,
787 1718 865 1746 nec
908 1705 949 1744 in
988 1705 1096 1745 libro
1131 1705 1199 1743 De
1239 1718 1363 1744 sensu
1404 1711 1446 1744 ct
1483 1708 1651 1743 sensato

115 1773 325 1822 similiter,
351 1773 431 1813 nisi
444 1773 499 1813 de
517 1774 824 1814 contrarietate
842 1773 1034 1814 sensibili
1051 1786 1183 1826 penes
1200 1772 1433 1825 qualitates
1450 1778 1647 1824 quatuor,

115 1842 215 1894 quia
246 1841 531 1895 philosophus
562 1842 770 1882 naturalis
792 1841 1003 1882 sensibilis
1032 1848 1097 1882 est
1126 1848 1169 1882 et
1192 1841 1489 1893 principaliter
1516 1840 1650 1881 sensi-

115 1910 218 1950 bilia
249 1917 499 1963 pertractat.
560 1911 883 1952 Nichilominus
914 1918 1062 1951 tamen
1104 1909 1445 1963 methaphisicus
1487 1910 1649 1949 invenit

114 1980 467 2020 contrarietatem
487 1981 529 2020 in
547 1980 794 2020 substancia
811 1979 919 2021 sicut
937 1980 979 2019 in
995 1979 1289 2032 qualitatibus,
1305 1986 1347 2019 et
1362 1978 1650 2031 philosophus

115 2048 323 2088 naturalis
340 2047 577 2101 aliquando
592 2047 693 2088 facit
708 2048 977 2088 mencionem
995 2048 1050 2088 de
1065 2061 1126 2095 ea>
1144 2053 1191 2088 ut
1214 2047 1353 2100 primo
1375 2047 1649 2087 Pln'sz’cornm

116 2123 158 2157 εῖ
181 2117 223 2157 in
246 2116 332 2157 fine
353 2116 421 2157 De
442 2117 733 2170 generacione.
796 2116 856 2156 Et
884 2117 982 2157 ideo
1010 2130 1109 2156 cum
1139 2117 1245 2157 dicit
1266 2117 1386 2169 quod
1419 2116 1531 2169 ignis
1559 2129 1646 2155 non

56 2196 73 2226 3
114 2185 203 2239 agit
225 2185 266 2225 in
288 2192 501 2239 quantum
524 2186 634 2239 ignis
656 2191 722 2225 set
744 2185 785 2224 in
799 2192 1012 2237 quantum
1035 2185 1310 2234 contrarium,
1333 2198 1475 2224 sermo
1498 2184 1564 2224 hic
1581 2190 1647 2224 est

117 2255 359 2296 communis
396 2254 694 2295 contrarietati
734 2254 775 2293 in
817 2254 1069 2294 substancia
1108 2260 1150 2294 et
1193 2255 1235 2293 in
1271 2253 1496 2306 qualitate.
1571 2252 1647 2293 Set

115 2324 329 2365 sensibilis
353 2329 418 2364 est
446 2324 487 2363 in
510 2323 733 2376 qualitate,
757 2330 800 2363 et
829 2323 927 2363 ideo
955 2336 1050 2363 eam
1078 2322 1269 2375 explicat
1292 2323 1333 2362 in
1361 2320 1580 2375 exemplo,
1604 2329 1647 2361 et

115 2391 373 2434 insensibilis
400 2393 441 2432 in
468 2392 728 2441 substancia,
750 2398 793 2432 et
816 2392 915 2432 ideo
938 2392 1073 2432 tacuit
1100 2405 1180 2445 pro
1202 2405 1279 2432 sua
1301 2390 1538 2439 voluntate,
1561 2403 1646 2429 non

116 2463 229 2502 enim
262 2460 434 2514 singula
465 2462 508 2501 in
541 2460 720 2514 singulis
752 2461 855 2501 locis
888 2460 1092 2514 explicat.
1155 2460 1248 2500 Nec
1281 2459 1356 2499 fiat
1388 2459 1451 2499 vis
1479 2459 1535 2498 de
1564 2459 1646 2499 hoc

56 2537 88 2567 3.
117 2531 236 2583 quod
260 2531 365 2571 dicit
397 2531 541 2584 ignem
571 2543 656 2569 non
680 2543 809 2583 agere
839 2530 879 2568 in
902 2539 1115 2581 quantum
1143 2529 1255 2581 ignis
1280 2535 1344 2568 set
1368 2528 1408 2567 in
1431 2533 1643 2579 quantum

118 2599 395 2648 contrarium,
428 2600 528 2652 quia
555 2599 753 2640 similiter
777 2597 964 2638 calidum
998 2611 1083 2638 non
1115 2599 1204 2650 agit
1234 2597 1275 2636 in
1300 2601 1514 2648 quantum
1547 2595 1646 2635 cali⁴

162 2716 199 2738 21
227 2709 281 2738 De
298 2706 512 2746 agentibus]
530 2715 587 2736 see
605 2715 637 2744 p.
658 2714 694 2744 17
713 2704 780 2735 and
799 2703 952 2744 Bridges,
971 2703 1004 2734 ii.
1024 2713 1098 2742 507.
1326 2704 1367 2733 28
1391 2702 1645 2742 Phisieorum]

118 2771 136 2789 ι.
156 2769 198 2798 5ο
216 2769 286 2799 sqq.

1665 1501 1702 1540 75
1723 1501 1742 1530 l)
1765 1509 1790 1531 1.
