1898 3126
807 94 888 146 283

89 202 348 253 hominibus
370 203 481 244 sicut
503 204 658 257 vulgus
689 205 844 259 accipit
871 206 938 246 cui
969 207 1219 258 predicavit.
1285 208 1428 249 Immo
1450 209 1604 262 vulgus

90 272 298 312 laicorum
332 272 374 312 in
408 272 555 313 multis
597 274 739 326 regnis
776 274 918 315 adhuc
959 276 1094 316 credit
1136 277 1253 328 quod
1290 277 1368 317 soli
1406 278 1603 319 homines

89 341 254 381 animas
294 340 471 391 habent,
510 343 624 382 unde
660 343 858 383 derident
894 334 1071 385 clericos
1103 344 1174 397 qui
1208 345 1358 386 dicunt
1395 359 1523 387 canes
1560 353 1602 387 et

88 416 230 450 cetera
262 410 389 450 bruta
420 409 579 450 habere
609 411 787 451 animas.
851 411 923 452 Sic
958 412 1088 466 igitur
1121 413 1162 452 in
1196 413 1315 453 libris
1352 415 1497 454 multis
1533 416 1603 466 qui

50 498 68 527 ,ς
88 485 187 519 sunt
212 478 253 519 in
286 491 364 518 usu
396 478 700 531 theologorum
731 487 830 520 sunt
854 481 989 521 multa
1020 481 1181 535 scripta
1212 495 1296 534 que
1328 495 1411 523 non
1443 483 1605 524 habent

89 548 313 589 veritatem
344 554 387 588 et
419 547 655 601 vulgariter
686 549 801 589 dicta
834 556 934 590 sunt
971 556 1012 590 et
1044 563 1128 602 que
1162 551 1323 591 debent
1355 552 1530 603 exponi,
1561 558 1604 591 et

89 617 281 657 maxime
309 616 381 657 ubi
409 616 643 657 multitudo
670 618 915 670 sapientum
944 619 1050 659 dicit
1079 620 1354 660 contrarium.

145 685 260 726 Tota
281 685 411 739 igitur
431 685 705 738 philosophia
727 686 883 727 clamat
901 689 1017 740 quod
1033 689 1149 728 solus
1166 688 1411 730 intellectus
1426 696 1604 738 creatur,

89 760 132 794 et
173 768 324 795 omnes
365 755 560 808 theologi
603 754 784 807 alicujus
817 756 976 797 valoris
1013 763 1055 797 et
1099 757 1457 810 philosophantes
1502 765 1603 798 ante

31 840 70 862 10
88 823 243 876 viginti
274 837 424 874 annos,
446 830 488 864 et
516 824 660 865 adhuc
682 837 833 864 omnes
863 824 1095 877 Anglicani
1119 826 1191 879 qui
1225 826 1331 867 satis
1357 826 1467 867 inter
1497 827 1603 867 alios

89 892 283 933 homines
315 898 416 933 sunt
451 898 494 933 et
528 892 699 933 fuerunt
735 893 929 933 studiosi.
991 893 1050 933 Et
1087 901 1272 946 arguunt
1308 894 1482 935 adhoc
1516 908 1600 936 non

89 961 229 1001 solum
252 975 328 1015 per
349 961 629 1002 auctoritates
658 960 912 1002 Aristotelis
944 968 986 1003 et
1018 962 1199 1003 aliorum
1234 963 1604 1017 philosophorum,

88 1037 152 1071 set
193 1044 269 1084 per
310 1030 515 1071 raciones.
577 1030 691 1083 Quia
732 1030 912 1071 heedem
954 1032 1233 1084 operaciones
1274 1033 1519 1085 vegetative
1561 1040 1603 1073 et

88 1099 290 1140 sensitive
317 1105 418 1140 sunt
442 1099 483 1139 in
506 1099 681 1140 homine
707 1100 817 1140 sicut
845 1100 886 1139 in
914 1100 1073 1153 plantis
1099 1108 1142 1141 et
1171 1102 1320 1151 brutis,
1352 1108 1417 1142 set
1450 1109 1604 1143 natura

30 1188 68 1218 15
88 1168 164 1208 has
190 1168 355 1209 animas
385 1175 532 1222 potest
557 1170 795 1221 producere
829 1169 869 1208 in
900 1168 1215 1223 vegetabilibus
1245 1176 1288 1210 et
1319 1170 1409 1209 aliis
1439 1171 1601 1210 anima-

87 1236 200 1277 libus
241 1237 296 1277 ab
338 1238 527 1287 homine,
563 1251 665 1290 ergo
702 1244 745 1278 et
786 1238 828 1277 in
871 1238 1060 1278 homine.
1137 1238 1261 1288 Item,
1302 1245 1487 1291 arguunt
1528 1254 1604 1293 per

88 1306 421 1359 experienciam.
482 1306 599 1347 Nam
633 1307 797 1347 embrio
829 1313 929 1348 ante
962 1306 1215 1347 infusionem
1245 1308 1248 1360 1
1278 1307 1421 1351 anime
1469 1308 1602 1348 racio-

86 1375 196 1417 nalis
226 1377 410 1417 nutritur
441 1384 485 1417 et
517 1377 681 1426 crescit,
714 1383 758 1417 et
789 1377 822 1416 si
859 1383 1078 1429 pungatur
1109 1377 1251 1423 sentit,
1284 1382 1326 1416 et
1358 1376 1438 1418 hoc
1464 1378 1604 1417 sciunt

89 1445 289 1486 mulieres
317 1460 375 1487 ex
404 1453 527 1500 parte
557 1447 597 1486 in
628 1445 799 1496 talibus,
826 1452 868 1486 et
897 1445 1158 1486 Aristoteles
1187 1446 1269 1486 hoc
1297 1445 1389 1486 vult
1422 1446 1463 1485 in
1497 1445 1604 1486 libro

28 1536 68 1556 20
87 1514 154 1554 De
178 1514 468 1564 Animalibus,
490 1522 533 1556 et
565 1515 636 1555 alii
667 1522 865 1556 auctores
894 1515 1169 1555 concordant.
1234 1513 1515 1554 Manifestum
1542 1523 1606 1554 est

90 1583 219 1636 igitur
253 1584 370 1637 quod
403 1584 548 1624 anima
584 1584 831 1638 vegetativa
859 1590 901 1623 et
939 1583 1140 1624 sensitiva
1173 1590 1273 1623 sunt
1308 1584 1349 1623 in
1384 1583 1604 1623 embrione

88 1652 275 1693 hominis
295 1658 532 1705 antequam
564 1652 828 1692 intellectiva
856 1653 1131 1705 producatur.
1194 1651 1269 1692 Set
1299 1652 1332 1691 si
1362 1652 1605 1704 vegetativa

89 1729 130 1762 et
172 1721 376 1762 sensitiva
418 1727 562 1762 essent
605 1727 833 1762 concreate
874 1735 970 1761 cum
1022 1720 1293 1768 intellectiva,
1337 1726 1382 1759 ut
1435 1719 1605 1771 publice

88 1797 256 1843 ponunt
285 1790 407 1830 multi
433 1791 758 1839 modernorum,
779 1797 881 1830 tunc
906 1803 990 1829 non
1018 1790 1297 1841 precederent
1319 1788 1455 1840 ipsam
1480 1788 1602 1828 intel-

29 1882 69 1913 25
88 1859 289 1900 lectivam
319 1860 361 1899 in
389 1872 494 1910 esse,
522 1864 564 1899 et
596 1859 694 1898 ideo
726 1858 863 1898 coacti
895 1863 995 1897 sunt
1020 1857 1159 1897 dicere
1193 1857 1310 1908 quod
1342 1856 1505 1910 duplex
1538 1864 1603 1897 est

88 1928 335 1981 vegetativa
372 1935 415 1968 et
450 1927 614 1981 duplex
652 1927 882 1976 sensitiva;
919 1933 963 1966 et
994 1927 1143 1967 dicunt
1177 1939 1305 1965 unam
1338 1926 1516 1977 produci
1548 1926 1604 1966 de

88 1995 289 2046 potencia
321 1994 500 2034 materie
531 2007 607 2046 per
638 1994 752 2033 viam
785 2000 949 2042 nature,
976 1998 1019 2032 et
1055 1991 1185 2032 aliam
1224 2005 1298 2044 per
1333 1991 1602 2032 creacionem

88 2077 186 2104 cum
213 2063 486 2104 intellectiva.
549 2061 627 2103 Set
659 2062 777 2102 nullo
807 2062 937 2102 modo
962 2067 1105 2115 potest
1135 2061 1248 2102 istud
1274 2060 1434 2101 habere
1465 2061 1603 2102 racio-

89 2146 199 2183 nem,
221 2145 298 2173 nec
320 2138 418 2172 sunt
439 2131 719 2172 auctoritates
741 2130 1002 2172 sufficientes
1023 2130 1075 2170 ad
1100 2129 1192 2178 hoc,
1215 2136 1257 2170 et
1286 2129 1383 2169 ideo
1412 2130 1538 2181 periti
1560 2129 1602 2169 in

28 2224 70 2253 30
89 2201 365 2255 philosophia
388 2201 623 2253 reprobant
647 2200 762 2240 istud
791 2206 1000 2252 tanquam
1027 2198 1313 2252 prophanum.
1377 2198 1493 2239 Nam
1521 2198 1604 2238 ista

88 2270 332 2324 vegetativa
374 2283 460 2321 que
501 2268 718 2309 inducitur
768 2282 843 2321 per
895 2276 1093 2308 naturam
1141 2266 1295 2307 sufficit
1347 2267 1401 2307 ad
1453 2280 1604 2307 omnes

87 2339 365 2392 operaciones
405 2338 648 2391 vegetative
694 2338 736 2376 in
777 2337 964 2387 homine,
1004 2336 1112 2377 sicut
1161 2336 1359 2376 videmus
1400 2336 1517 2388 quod
1560 2336 1603 2375 in

88 2409 222 2449 brutis
252 2415 296 2449 et
326 2407 643 2462 vegetabilibus
674 2405 841 2447 sufficit.
906 2405 984 2446 Set
1013 2406 1163 2446 eedem
1195 2412 1292 2445 sunt
1324 2404 1602 2458 operaciones

88 2478 331 2531 utrobique,
357 2491 460 2530 ergo
483 2475 645 2528 reliqua
675 2475 921 2529 vegetativa
950 2473 1185 2528 superfluit.
1249 2473 1326 2514 Set
1349 2486 1426 2514 nec
1447 2479 1602 2513 natura

29 2568 68 2599 35
88 2560 164 2588 nec
216 2547 336 2587 Deus
386 2546 489 2587 facit
540 2545 704 2599 aliquid
754 2544 959 2584 ociosum.
1036 2542 1245 2584 Similiter
1290 2543 1344 2582 de
1384 2541 1601 2591 sensitiva,

87 2616 294 2668 quoniam
332 2616 387 2656 ad
423 2628 574 2655 omnes
610 2613 886 2668 operaciones
928 2625 1076 2653 sensus
1112 2612 1266 2652 sufficit
1302 2610 1373 2651 illa
1409 2624 1494 2663 que
1526 2624 1602 2663 per

87 2690 285 2725 naturam
317 2684 543 2732 inducitur,
573 2689 620 2723 ut
650 2682 846 2722 videmus
879 2681 921 2721 in
953 2680 1224 2721 animalibus.
1287 2678 1505 2732 Quoniam
1541 2680 1603 2720 ita

130 2785 172 2804 20
194 2776 249 2806 De
265 2773 521 2813 Animalibus]
537 2772 574 2803 dc
593 2771 672 2804 Gen.
684 2772 799 2802 Ant'm.
815 2782 845 2802 v.
859 2782 887 2802 1.

806 2835 838 2867 U
863 2838 884 2865 2

1623 1319 1744 1349 Szass.
