1898 3126
812 103 891 144 217

61 239 63 241 ,
86 211 184 245 runt
204 217 390 244 vacuum
415 217 508 244 esse
530 204 727 257 spacium
750 203 928 255 aliquod
958 205 1047 243 sine
1072 203 1217 243 calido
1245 203 1403 256 frigido
1427 211 1469 244 et
1493 218 1618 245 carne

86 280 129 314 et
157 286 254 313 osse
283 279 325 312 et
355 273 453 325 igne
480 278 523 312 et
552 286 677 325 aqua,
701 271 877 320 scilicet,
899 273 1095 324 spacium
1127 277 1378 324 separatum
1411 273 1466 312 ab
1499 274 1616 313 omni

85 342 286 395 passione
327 340 519 393 corporis
572 340 792 390 naturalis,
835 346 1073 392 posuerunt
1125 345 1272 380 tamen
1328 340 1470 392 ipsum
1523 354 1617 380 esse

87 410 309 463 quoddam
333 415 487 457 totum,
509 409 675 449 habens
705 422 831 449 suum
866 422 960 449 esse
988 422 1045 448 ex
1076 421 1122 448 se
1154 415 1197 448 et
1228 409 1466 448 secundum
1496 422 1617 448 suam

51 493 68 524 5
86 478 409 532 proprietatem,
452 483 495 517 et
538 477 649 526 ideo,
692 477 825 518 habet
868 477 1052 517 formam
1095 490 1219 517 suam
1270 476 1508 516 secundum
1552 478 1615 515 sui

85 545 411 594 debitum‚1ieet
432 558 519 585 non
543 545 702 586 habeat
726 545 911 586 formam
935 545 1190 593 naturalem,
1218 545 1332 584 unde
1356 551 1502 597 partes
1525 544 1616 596 ejus

86 615 324 654 secundum
357 614 571 666 positores
593 614 717 654 vacui
751 615 957 654 uniuntur
988 614 1048 654 ita
1080 614 1192 653 bene
1227 613 1269 652 in
1303 626 1381 654 suo
1413 619 1508 653 toto
1541 626 1615 665 per

86 684 272 723 formam
295 683 433 722 tocius
456 683 567 723 sicut
590 689 735 736 partes
758 683 898 735 pleni;
931 683 1041 722 sicut
1064 695 1143 722 nos
1162 682 1362 722 videmus
1380 682 1422 721 in
1443 682 1615 733 quanti-

86 758 177 792 tate
199 752 403 791 continua
421 750 610 791 habente
628 751 783 791 trinam
802 751 1118 791 dimensionem
1138 757 1281 804 partes
1300 750 1391 803 ejus
1410 751 1616 791 uniuntur

35 822 130 861 10in
162 833 240 860 suo
271 826 367 861 toto
399 834 475 873 per
506 819 691 860 formam
723 820 874 867 tocius,
896 820 1006 860 sicut
1034 825 1181 872 partes
1212 820 1473 860 substancie.
1537 817 1614 858 Set

86 888 143 929 hii
166 888 380 942 positores
399 888 525 929 vacui
551 894 788 940 posuerunt
818 889 957 940 ipsam
986 901 1079 928 esse
1111 888 1273 927 trinam
1296 887 1614 928 dimensionem

86 957 419 1009 quantitativam
446 956 800 997 mathematicam
829 954 835 1011 Ι
864 962 1111 1009 separatam
1134 970 1158 995 a
1182 956 1383 1009 passione
1416 955 1616 1002 naturali,
1661 975 1700 995 ,κ
1734 976 1744 987 »

85 1031 352 1078 quapropter
383 1038 468 1064 non
500 1024 738 1077 exponitur
765 1031 1074 1076 argumentum
1112 1024 1371 1064 Aristotelis
1404 1025 1615 1064 veraciter

86 1106 162 1133 nec
202 1092 476 1133 sufficienter.
561 1092 742 1145 Propter
793 1093 911 1145 quod
964 1093 1199 1132 dicendum
1248 1099 1324 1141 est,
1368 1093 1485 1145 quod
1528 1106 1615 1132 non

30 1177 68 1209 15
87 1167 233 1214 patere
261 1167 408 1213 potest
437 1161 663 1214 exposicio
691 1160 801 1200 illius
830 1161 1223 1201 demonstracionis
1247 1160 1500 1201 Aristotelis
1533 1162 1613 1202 nisi

85 1231 333 1270 destruatur
372 1243 557 1269 vacuum
600 1230 790 1278 omnino,
835 1236 877 1269 et
919 1229 1032 1268 inter
1074 1229 1208 1269 latera
1254 1230 1529 1279 continentis,
1571 1237 1614 1270 et

85 1297 214 1347 alibi;
248 1304 291 1338 et
312 1297 396 1337 hoc
419 1297 467 1337 fit
489 1298 562 1338 sic.
624 1298 757 1338 Trina
785 1298 1001 1337 dimensio
1035 1304 1237 1349 separata
1267 1304 1332 1338 est
1361 1299 1611 1350 quantitas:

85 1373 149 1407 set
178 1366 319 1406 omnis
345 1366 567 1418 quantitas
599 1373 664 1406 est
690 1367 903 1415 accidens,
928 1372 971 1406 et
998 1366 1199 1406 accidens
1230 1379 1317 1406 non
1345 1373 1490 1419 potest
1520 1381 1613 1407 esse

86 1436 176 1475 sine
207 1449 286 1475 suo
315 1435 541 1487 subjecto;
577 1442 845 1488 quapropter
875 1435 1130 1488 inpossibile
1163 1440 1228 1474 est
1260 1448 1421 1486 ponere
1453 1436 1611 1475 trinam

33 1524 71 1547 20
87 1504 401 1544 dimensionem
426 1511 688 1555 separatam,
702 1510 745 1544 et
763 1503 862 1543 ideo
881 1503 1150 1556 impossibile
1168 1509 1232 1542 est
1249 1516 1411 1555 ponere
1428 1517 1612 1544 vacuum

87 1585 189 1620 esse,
223 1584 322 1612 cum
354 1584 441 1610 non
474 1577 664 1624 ponatur
695 1571 811 1611 aliud
847 1572 927 1611 nisi
961 1572 1177 1611 dimensio
1209 1579 1421 1624 separata.
1487 1573 1613 1620 Item,

87 1640 229 1680 omnis
250 1652 316 1679 res
338 1645 457 1679 stans
481 1652 557 1691 per
577 1652 623 1679 se
645 1645 711 1679 est
733 1638 994 1687 substancia,
1017 1653 1131 1691 ergo,
1155 1653 1339 1679 vacuum
1371 1647 1481 1679 esset
1511 1641 1613 1680 sub-

87 1707 280 1756 stancia;
312 1714 377 1747 set
400 1720 487 1747 non
512 1707 778 1758 incorporea,
801 1708 1009 1760 quoniam
1040 1707 1173 1747 habet
1204 1708 1495 1747 dimensiones
1524 1722 1615 1748 cor-

87 1776 267 1829 porales,
298 1789 413 1828 ergo,
444 1776 524 1815 erit
552 1775 803 1816 substancia
833 1789 1055 1827 corporea,
1084 1790 1187 1829 ergo
1218 1789 1384 1829 corpus,
1407 1777 1524 1829 quod
1550 1784 1614 1817 est

32 1864 68 1895 ²5
87 1843 346 1884 substancia.
413 1843 492 1884 Set
529 1857 658 1884 omne
691 1858 858 1897 corpus,
892 1844 1010 1896 quod
1053 1851 1118 1884 est
1150 1844 1409 1893 substancia,
1442 1853 1507 1886 est
1548 1859 1614 1886 res

87 1912 293 1953 naturalis
325 1912 392 1952 vel
426 1920 594 1962 natura,
624 1920 669 1952 ut
700 1913 841 1953 celum
877 1920 921 1953 et
948 1913 1212 1953 elementum
1246 1913 1313 1954 vel
1347 1915 1546 1963 mixtum,
1570 1922 1614 1955 et

87 1980 147 2021 ita
168 1994 352 2021 vacuum
378 1981 458 2021 erit
480 1994 638 2033 corpus
662 1981 868 2021 naturale.
934 1980 1012 2021 Set
1035 1994 1193 2034 corpus
1216 1982 1414 2022 naturale
1438 1996 1524 2023 non
1548 1992 1612 2023 est

87 2056 333 2101 separatum
352 2063 377 2088 a
395 2049 671 2101 passionibus
695 2050 976 2098 naturalibus,
992 2057 1035 2090 et
1053 2051 1113 2090 sic
1131 2050 1214 2090 hoc
1232 2063 1316 2090 non
1334 2058 1400 2091 est
1416 2065 1612 2099 vacuum,

0 2111 3 2172 i
86 2117 186 2169 quia
221 2130 406 2158 vacuum
450 2118 606 2158 dicitur
647 2130 739 2157 6556
780 2117 896 2166 tale3
937 2131 1052 2169 ergo,
1091 2118 1145 2157 ad
1185 2119 1451 2170 posicionem
1489 2121 1609 2159 vacui

2 2183 3 2195 ¹
31 2206 69 2238 30
86 2186 277 2238 sequitur
298 2186 392 2239 ejus
415 2186 670 2234 destrucci0‚
693 2200 826 2238 quare
857 2200 1017 2238 ponere
1037 2200 1225 2226 vacuum
1249 2200 1343 2227 esse
1366 2194 1431 2228 est
1455 2202 1614 2240 ponere

87 2254 226 2307 ipsum
265 2269 351 2295 non
388 2269 493 2304 6556,
530 2261 573 2295 et
611 2255 670 2295 ita
707 2255 1047 2296 contradictoria
1079 2255 1221 2305 simul,
1257 2257 1377 2308 quod
1411 2264 1475 2297 est
1512 2271 1610 2297 con-

86 2324 340 2363 cedendum.
405 2324 651 2364 Dicendum
675 2324 806 2375 igitur
828 2325 957 2376 quod,
988 2337 1085 2363 cum
1108 2337 1294 2365 vacuum
1324 2326 1499 2377 ponitur
1521 2339 1613 2365 esse

85 2392 316 2443 quantitas,
350 2392 524 2445 ponitur
556 2405 649 2432 esse
680 2393 892 2439 accidens,
923 2398 967 2433 et
1003 2393 1113 2432 sicut
1150 2406 1237 2432 non
1276 2399 1422 2445 potest
1454 2393 1614 2434 habere

6 2507 7 2513 ἵ
86 2472 176 2499 6556
200 2460 292 2499 sine
318 2461 530 2513 subjecto,
560 2461 618 2500 sic
647 2473 724 2500 nec
755 2461 981 2501 unitatem.
1044 2461 1202 2501 Unitas
1233 2462 1347 2501 enim
1377 2462 1613 2502 accidentis

3 2579 6 2588 Ι
32 2547 68 2579 35
89 2533 153 2568 est
173 2528 227 2568 ab
255 2528 423 2568 unitate
456 2528 654 2581 subjecti,
679 2535 722 2569 et
751 2529 849 2569 ideo
879 2529 913 2568 si
944 2535 1178 2582 poneretur
1200 2542 1304 2579 esse,
1325 2542 1411 2568 non
1435 2529 1613 2570 habebit

128 2665 147 2693 4
171 2655 353 2695 quoddam]
371 2657 527 2696 quiddam
546 2657 584 2686 M
726 2666 763 2687 21
791 2657 869 2697 nisi]
889 2658 953 2688 nisi
969 2658 1055 2688 trina
1072 2657 1106 2687 D
1253 2668 1293 2697 23
1317 2659 1476 2697 quoniam
1495 2659 1611 2699 habet]

89 2707 144 2746 qui
161 2707 284 2738 habeat
300 2707 346 2738 F:
372 2708 452 2746 quin
470 2709 610 2739 haberet
628 2708 662 2738 D
818 2719 859 2747 25
884 2709 990 2749 quod]
1009 2720 1075 2740 non
1094 2709 1127 2739 D
1283 2712 1324 2740 26
1344 2714 1393 2749 pr.
1412 2709 1482 2750 vel]
1501 2715 1534 2740 et
1551 2711 1613 2740 FD

5 2755 11 2784 J
86 2768 125 2796 27
151 2757 227 2798 Set]
247 2758 306 2789 Set
324 2759 351 2789 si
369 2764 420 2789 est
438 2759 469 2789 F
593 2770 636 2799 33
660 2759 709 2801 et]
728 2765 761 2791 et
778 2761 936 2790 accidens
952 2760 985 2790 F
1108 2771 1149 2800 35
1175 2761 1374 2802 poneretur]
1393 2767 1537 2801 ponatur
1552 2762 1615 2791 FD

150 2836 178 2854 R.
193 2837 217 2854 n.
235 2837 264 2854 111
835 2825 865 2864 Q
