1877 3131
817 127 894 170 175

91 236 208 270 surat
233 242 326 269 esse
349 229 446 269 talis
463 228 692 269 successivi
710 234 752 268 et
771 229 1113 278 continuitatem,
1132 230 1190 268 516
1213 230 1292 268 erit
1316 230 1369 269 de
1385 242 1481 278 eVO,
1501 230 1618 281 quod

92 297 207 338 idem
233 297 498 338 mensurabit
521 310 616 337 esse
639 296 696 336 rei
720 302 764 336 et
790 297 1137 345 continuitatem,
1160 303 1202 336 et
1227 298 1324 337 ideo
1358 296 1619 350 partibilitas

91 366 269 407 omnino
291 366 599 413 evacuabitur;
634 365 736 417 quia
758 378 845 404 non
870 372 1042 417 ponunt
1069 379 1179 414 eam,
1202 365 1281 404 nisi
1306 371 1486 417 propter
1511 378 1614 405 con-

90 434 339 474 tinuitatem
363 447 456 475 esse
480 434 614 486 ipsius
645 434 821 473 eviterni
844 448 852 483 ;
887 447 986 473 nam
1013 434 1054 473 in
1089 435 1183 485 ipso
1205 447 1299 474 esse
1332 446 1417 472 non
1452 441 1620 486 ponunt

53 525 68 555 5
93 509 261 556 partem
286 510 329 543 et
353 509 533 555 partem.

148 569 225 611 Set
261 578 411 611 contra
441 571 524 611 hoc
558 577 624 611 est
659 570 818 623 triplex
850 569 1097 622 principalis
1133 568 1342 621 objeccio.
1421 570 1520 610 Una
1554 577 1619 610 est

89 640 205 693 quod
228 646 331 680 tunc
353 640 482 680 simul
505 645 548 679 et
570 639 705 680 semel
726 646 869 679 essent
892 638 1039 678 anima
1057 638 1190 690 patris
1214 645 1255 677 et
1278 638 1367 683 filii,
1390 646 1432 679 et
1454 640 1619 679 creaeio

91 708 240 748 mundi
264 715 306 748 et
330 709 498 749 creacio
521 709 663 748 anime
686 708 807 747 istius
834 708 907 759 qui
942 720 1054 746 nunc
1077 706 1275 757 nascitur,
1298 707 1415 759 quod
1445 707 1618 748 videtur

88 776 336 817 absurdum.
402 776 519 817 Nam
542 777 622 817 1166
643 776 787 816 anima
805 783 976 816 creatur
999 776 1039 814 in
1063 789 1154 824 evo,
1173 776 1276 827 quia
1298 777 1466 823 creacio
1490 783 1554 816 est
1578 776 1618 816 in

33 867 70 888 10
90 845 175 895 illo,
199 852 243 886 et
263 845 412 886 omnia
441 852 587 886 creata
620 852 926 886 mensurantur
949 859 1000 884 eo
1033 851 1247 897 quantum
1274 845 1330 885 ad
1364 859 1459 885 6556
1490 858 1615 885 suum

88 914 326 968 proprium,
359 920 425 955 set
455 922 662 968 generata
694 920 736 954 et
770 913 1071 967 corruptibilia
1105 927 1201 953 non.
1275 912 1319 953 Si
1354 928 1457 966 ergo
1490 929 1616 954 evum

88 990 153 1024 est
175 982 451 1033 indivisibile,
468 996 555 1023 non
578 982 746 1023 habens
760 989 930 1036 partem
946 988 989 1022 61
1006 990 1186 1034 partem,
1201 989 1243 1023 61
1267 983 1382 1023 suita
1405 984 1617 1038 principio

89 1052 252 1101 mundi,
295 1053 471 1104 quando
506 1052 694 1091 mundus
729 1058 899 1091 creatus
937 1058 1001 1091 est
1036 1052 1076 1090 in
1120 1065 1172 1091 eo
1205 1058 1315 1100 toto,
1350 1058 1393 1092 et
1428 1065 1543 1092 nunc
1577 1053 1619 1091 in

0 1171 2 1177 Ι
88 1134 139 1160 60
173 1127 279 1170 1010,
311 1121 455 1160 anima
491 1121 616 1160 istius
655 1121 744 1160 nati
780 1121 913 1160 modo
950 1128 1053 1160 tunc
1091 1120 1219 1160 simul
1262 1127 1304 1160 et
1341 1121 1476 1161 semel
1507 1128 1619 1168 sunt,

0 1232 1 1235 Ἴ
30 1208 66 1240 15
86 1195 299 1243 quantum
319 1189 374 1229 ad
391 1202 640 1229 mensuram
661 1189 665 1243 i
691 1190 911 1242 propriam
930 1203 1006 1229 sue
1024 1188 1285 1230 duracionis.
1340 1189 1398 1229 Et
1417 1190 1476 1229 ita
1491 1189 1618 1230 simul
1642 1194 1678 1224 F·
1700 1203 1758 1224 100
1775 1205 1793 1224 a
1814 1204 1828 1224 2

0 1244 1 1255 ¹
89 1264 132 1298 et
154 1257 289 1298 semel
312 1264 497 1311 possunt
519 1258 602 1298 dici
627 1272 719 1298 esse
742 1258 853 1298 inter
871 1271 1129 1310 quecunque
1152 1266 1216 1298 est
1242 1258 1484 1311 longissimi
1508 1265 1617 1298 tem-

86 1327 205 1380 poris
228 1326 453 1367 distancia.
518 1326 577 1366 Et
601 1332 748 1380 potest
771 1327 870 1377 dici,
887 1327 1006 1378 quod
1031 1326 1099 1366 1116
1118 1326 1225 1366 fallit
1249 1340 1326 1366 nos
1344 1328 1620 1379 ymaginacio

92 1395 359 1447 temporalis,
381 1408 467 1447 que
490 1402 555 1435 est
579 1395 755 1448 propria
783 1394 1019 1435 intellectui
1052 1402 1203 1434 nostro
1232 1396 1344 1435 sicut
1370 1396 1616 1448 corporalis.

90 1463 206 1516 Quia
229 1463 491 1504 Aristoteles
514 1464 630 1511 dicit,
654 1464 773 1515 quod
791 1465 932 1503 omnis
958 1463 1206 1503 intellectus
1230 1470 1379 1504 noster
1399 1477 1497 1505 cum
1522 1478 1618 1505 con-

31 1551 68 1572 20
86 1532 208 1573 tinuo
235 1538 300 1572 est
325 1538 368 1572 et
385 1538 599 1584 tempore,
616 1533 718 1584 quia
738 1532 869 1572 nichil
894 1533 1036 1584 primo
1054 1538 1233 1586 aspectu
1252 1533 1522 1585 concipimus
1540 1534 1616 1574 nisi

87 1607 260 1653 quanta,
302 1607 348 1641 ut
383 1614 467 1653 que
505 1601 753 1652 quantitate
791 1601 994 1641 continua
1033 1608 1339 1641 mensurantur
1375 1602 1618 1651 intrinseca,

86 1682 170 1721 que
201 1676 267 1709 est
293 1670 428 1709 tercia
450 1669 669 1709 dimencio
693 1683 699 1718 ;
735 1676 777 1709 et
805 1683 890 1721 que
913 1669 1160 1721 quantitate
1186 1669 1431 1710 extrinseca
1463 1677 1617 1711 exten-

86 1738 248 1778 duntur
266 1753 276 1787 ;
311 1744 356 1778 ut
373 1744 472 1778 sunt
495 1737 763 1791 temporalia,
781 1751 866 1790 que
887 1739 967 1778 sub
996 1745 1193 1790 tempore
1208 1739 1378 1779 cadunt.
1410 1738 1414 1792 l
1445 1738 1502 1779 Et
1519 1740 1617 1780 ideo
1636 1751 1714 1790 491>
1734 1759 1760 1783 2.

86 1805 328 1859 spiritualia
347 1813 390 1847 et
408 1807 715 1858 permanencia
733 1808 774 1846 in
793 1820 871 1846 suo
887 1821 979 1847 esse
1002 1807 1242 1846 invariabili
1258 1820 1344 1846 non
1360 1807 1618 1860 percipimus

30 1893 66 1923 ²5
87 1875 228 1928 primo
245 1875 401 1915 mentis
416 1875 589 1926 intuitu,
604 1888 680 1914 1166
697 1874 808 1915 alico
823 1876 969 1925 modo,
987 1876 1065 1915 11151
1083 1876 1258 1927 quando
1275 1875 1620 1916 abstraxerimus

88 1943 280 1983 animum
323 1957 348 1982 a
382 1943 739 1995 corruptibilibus
778 1949 821 1983 et
858 1943 1182 1996 temporalibus,
1217 1950 1260 1983 et
1297 1945 1619 1984 transiverimus

85 2009 175 2051 1166,
240 2011 320 2053 Set
359 2018 463 2052 tunc
503 2018 716 2063 quantum
753 2017 816 2051 est
852 2013 906 2051 de
943 2017 1160 2064 potestate
1196 2013 1330 2052 nostri
1365 2013 1618 2063 intellectus,

86 2080 178 2120 sine
218 2080 430 2132 spirituali
464 2079 785 2120 illuminacione
816 2093 902 2120 non
936 2094 1165 2133 possumus
1198 2081 1437 2134 intelligere
1469 2081 1617 2135 hujus-

90 2148 224 2198 modi,
246 2149 325 2188 nisi
358 2162 434 2201 per
464 2149 758 2200 privacionem
789 2149 1135 2201 corruptibilium
1168 2156 1210 2189 et
1231 2149 1551 2202 temporalium,
1573 2157 1617 2191 et

29 2235 68 2265 30
89 2229 175 2256 non
198 2230 274 2269 per
296 2217 576 2269 posicionem.
640 2217 700 2256 Et
724 2217 836 2266 ideo,
854 2231 951 2257 cum
973 2231 1144 2257 summa
1162 2217 1416 2259 difficultate
1433 2219 1617 2272 percipi-

87 2298 182 2325 mus
205 2299 299 2326 esse
320 2285 612 2337 spiritualium
637 2292 679 2325 et
702 2287 1068 2338 permanendum,
1090 2287 1191 2339 quia
1214 2294 1514 2328 mensurantur
1535 2301 1616 2328 evo

89 2353 336 2395 indivisibili
359 2360 401 2395 et
423 2353 668 2408 inpartibili.
749 2354 796 2394 Si
819 2361 967 2394 tamen
989 2355 1172 2395 velimus
1193 2356 1315 2408 sequi
1338 2355 1615 2408 philosophie

87 2423 329 2472 veritatem,
370 2429 413 2463 et
455 2436 678 2463 sermones
718 2422 923 2475 vulgatos
965 2435 1198 2475 exponere,
1248 2425 1443 2464 dicemus
1496 2425 1613 2477 quod

89 2491 324 2531 secundum
347 2505 392 2531 se
414 2504 501 2532 non
529 2497 596 2531 est
624 2491 899 2531 divisibilitas
923 2492 963 2530 in
991 2505 1083 2540 er
1106 2499 1171 2533 set
1197 2498 1339 2532 totum
1369 2492 1497 2532 simul
1520 2500 1614 2541 est;

10 593 13 603 l

10 627 12 657 l

0 671 11 711 j}

0 713 5 758 ἱ

0 759 10 782 91

0 787 9 803 ’Π

130 2644 148 2663 2
171 2634 219 2664 rei
237 2645 304 2664 om.
322 2633 397 2664 MD
587 2644 635 2673 13,
656 2644 694 2673 14
718 2638 752 2664 et
769 2644 856 2665 nunc
875 2634 906 2663 111
926 2645 966 2664 eo
984 2639 1055 2665 toto
1071 2645 1134 2665 om.
1155 2635 1190 2664 D
1347 2646 1384 2674 15
1410 2636 1486 2676 sue]
1504 2647 1569 2676 que
1586 2637 1619 2666 F

87 2694 127 2724 25
151 2685 428 2726 abstraxerimus]
449 2685 676 2717 abstraximus
691 2686 726 2715 D
937 2688 978 2716 26
1003 2686 1293 2728 corruptibilibus]
1310 2688 1539 2727 corporalibus
1554 2688 1615 2718 FB

88 2746 129 2776 29
153 2737 435 2778 corruptibilium]
455 2737 680 2777 corporalium
700 2737 762 2767 FB
888 2747 926 2777 31
954 2738 1046 2779 quia]
1064 2739 1155 2778 quod
1172 2738 1269 2769 FBD
1359 2740 1616 2780 mensurantur]

90 2794 302 2819 mensuratur
318 2788 352 2818 D
439 2799 480 2828 32
506 2789 706 2830 impartibili]
726 2790 911 2829 impossibili
929 2790 963 2819 D
1051 2800 1093 2830 34
1118 2791 1348 2832 divisibilitas]
1366 2791 1521 2823 debilitas
1538 2792 1572 2822 D
