1898 3126
959 78 1041 117 274

234 188 387 221 nature
429 180 682 221 universalis
724 193 809 232 que
849 192 1035 220 vacuum
1078 192 1160 218 non
1203 179 1381 230 patitur,
1422 178 1522 232 quia
1567 178 1600 219 si
1652 192 1768 231 aqua

233 249 514 289 descenderet
536 247 666 289 nichil
689 253 929 288 remaneret
952 248 994 287 in
1019 260 1132 296 vase,
1146 254 1326 301 propter
1346 247 1430 287 hoc
1445 246 1565 299 quod
1587 260 1661 287 aer
1682 259 1767 286 non

235 324 380 372 potest
403 318 562 358 intrare
579 316 741 357 orificio
759 317 994 357 obstructo.
1058 315 1136 356 Set
1152 314 1277 355 stelle
1297 316 1495 356 excitant
1511 314 1768 369 qualitatem

237 400 349 439 aque
375 386 577 438 activam,
607 392 650 426 et
682 385 908 426 intendunt
939 398 1036 424 eam
1069 390 1112 424 et
1141 390 1439 435 augmentant,
1462 390 1506 424 et
1537 389 1638 424 tunc
1667 383 1769 436 quia

236 456 329 496 exit
351 462 550 495 naturam
574 454 808 507 propriam,
829 453 918 507 agit
935 453 976 492 in
997 460 1156 493 terram
1174 452 1362 494 locatam
1378 467 1403 492 a
1425 467 1471 494 se
1492 459 1536 493 et
1558 453 1600 493 in
1614 465 1768 502 aerem,
1790 468 1808 501 5

236 530 278 565 et
301 524 498 564 similiter
520 537 594 563 aer
616 523 658 562 in
685 536 858 575 aquam.
921 522 1015 562 Nec
1040 522 1123 563 hoc
1145 528 1211 562 est
1243 535 1319 576 per
1348 528 1547 562 naturam
1578 522 1662 563 loci
1692 535 1769 562 nec

237 594 277 632 in
309 598 518 644 quantum
550 598 649 632 sunt
678 591 819 631 locata
847 597 889 631 et
923 590 1029 639 loca,
1053 597 1118 631 set
1147 591 1189 630 in
1220 597 1431 643 quantum
1462 592 1770 632 transcendunt

237 661 349 700 hanc
379 668 589 701 naturam.
653 659 853 712 Qualiter
880 673 984 700 vero
1015 659 1153 700 virtus
1183 659 1406 700 stellarum
1436 666 1583 713 potest
1608 659 1699 699 fieri
1730 659 1772 698 in

238 729 375 782 speris
405 728 717 768 elementorum
741 734 788 768 ut
818 727 895 768 fiat
925 728 1155 781 generacio
1184 734 1226 768 et
1251 729 1493 781 corrupcio,
1515 728 1772 781 expositum

238 805 304 840 est
340 811 438 839 cum
476 797 688 850 agebatur
723 798 778 838 de
811 804 967 838 natura
1000 798 1210 837 virtutum
1246 798 1473 850 agencium
1510 798 1551 837 in
1582 802 1771 838 tractatu
1797 813 1837 835 ιο

237 868 467 921 speciermlz
486 879 633 905 rernm
651 866 1017 915 activarmmtam
1043 867 1098 906 de
1116 866 1211 906 luce
1233 880 1363 919 quam
1387 866 1495 906 aliis.
1540 865 1612 906 Ex
1632 866 1774 906 mixto

240 936 415 989 quidem
449 942 594 987 potest
626 935 890 976 elementum
916 935 1124 988 generari,
1148 941 1195 975 ut
1222 935 1346 988 tetigi
1376 949 1401 975 a
1428 935 1650 989 principio,
1673 948 1773 975 narn

240 1017 370 1044 causa
394 1003 626 1044 materialis
647 1005 893 1045 concordat.
955 1004 1072 1058 Quia
1100 1004 1276 1057 aliquod
1299 1017 1435 1057 genus
1457 1010 1521 1044 est
1545 1017 1777 1044 commune

241 1073 457 1114 elemento
490 1080 532 1113 et
567 1073 724 1121 mixto,
756 1079 804 1113 ut
836 1086 993 1125 corpus
1026 1086 1112 1113 non
1144 1073 1315 1122 celeste,
1346 1073 1463 1125 quod
1496 1080 1562 1113 est
1594 1073 1777 1113 materia

241 1141 447 1182 naturalis
472 1148 668 1194 respectu
699 1156 849 1182 eorum
884 1149 927 1182 et
949 1148 1014 1182 est
1038 1142 1080 1181 in
1105 1142 1306 1195 potencia
1332 1142 1387 1182 ad
1420 1148 1655 1194 utrumque
1676 1155 1775 1181 cum
1800 1155 1837 1187 15

243 1225 373 1265 agens
395 1211 564 1251 sufficit.
627 1211 706 1252 Set
735 1225 760 1251 a
783 1217 905 1264 parte
932 1225 1066 1265 agens
1094 1224 1179 1252 non
1201 1216 1265 1251 est
1288 1210 1496 1261 defectus,
1518 1224 1619 1250 nam
1641 1211 1780 1250 virtus

243 1281 322 1320 celi
357 1286 503 1334 potest
534 1281 728 1320 sufficere
761 1281 815 1320 ad
848 1280 931 1321 hoc
964 1294 1041 1333 per
1072 1294 1130 1320 se.
1196 1280 1253 1320 Et
1285 1281 1439 1320 iterum
1463 1281 1629 1320 excitat
1651 1286 1694 1320 et
1717 1280 1779 1319 in«

243 1350 381 1390 tendit
403 1355 602 1389 naturam
627 1349 752 1388 unius
775 1349 990 1395 elementi,
1013 1356 1055 1389 et
1080 1349 1185 1388 illud
1199 1349 1385 1390 destruit
1401 1349 1485 1389 alia
1502 1355 1546 1389 et
1566 1349 1779 1389 convertit

244 1432 295 1458 ea
310 1419 350 1458 in
369 1432 489 1459 suam
513 1425 725 1468 naturam,
748 1424 791 1458 et
808 1418 892 1459 hoc
910 1425 1056 1471 potest
1072 1418 1162 1458 fieri
1181 1432 1257 1471 per
1271 1418 1499 1470 quodlibet
1513 1417 1777 1459 elementum

243 1488 481 1527 secundum
504 1488 622 1539 quod
646 1487 782 1527 virtus
803 1487 882 1527 celi
904 1487 998 1539 ejus
1020 1493 1219 1527 naturam
1243 1487 1283 1526 in
1306 1487 1485 1528 diversis
1507 1487 1779 1539 temporibus
1803 1499 1842 1520 20

245 1564 287 1597 et
321 1556 426 1596 locis
456 1556 674 1596 confortat
706 1562 748 1595 et
779 1556 976 1595 intendit.
1040 1555 1098 1595 Et
1122 1557 1255 1596 tercio
1280 1557 1411 1597 modo
1439 1555 1486 1596 fit
1515 1555 1779 1596 elementum

244 1639 301 1665 ex
325 1625 481 1674 mixto,
509 1625 612 1677 quia
634 1630 749 1664 terra
778 1624 964 1665 finaliter
994 1625 1207 1665 convertit
1235 1625 1332 1674 alia,
1355 1638 1407 1664 eo
1438 1625 1556 1677 quod
1580 1631 1694 1664 terra
1716 1631 1780 1665 est

100 1697 176 1739 79b
197 1706 225 1728 1·
245 1694 365 1735 locus
398 1692 651 1747 miXJtionis‚
684 1699 726 1733 et
756 1693 985 1746 quodlibet
1017 1693 1283 1733 elementum
1316 1700 1381 1734 est
1419 1693 1576 1734 sorcius
1611 1694 1651 1733 in
1685 1693 1783 1733 loco

245 1777 335 1809 suo,
359 1770 402 1803 et
428 1762 528 1802 ideo
550 1768 664 1802 terra
688 1762 815 1802 mixti
837 1762 1059 1814 vigoratus
1082 1763 1320 1803 necessario
1343 1776 1417 1816 per
1438 1763 1642 1803 virtutem
1657 1775 1782 1814 spere

244 1836 355 1870 terre
383 1830 424 1868 in
447 1842 534 1881 qua
556 1829 738 1881 quiescit
762 1828 867 1868 illud
891 1829 1080 1869 mixtum
1102 1842 1110 1877 ;
1142 1835 1184 1868 et
1208 1829 1305 1869 ideo
1336 1829 1482 1869 omnia
1504 1841 1589 1881 que
1609 1834 1712 1868 sunt
1742 1828 1783 1866 in
1806 1842 1842 1873 25

244 1905 358 1938 terra
380 1903 691 1938 convertuntur
712 1897 754 1937 in
773 1902 932 1937 terram
951 1896 1146 1946 finaliter,
1168 1904 1215 1938 ut
1237 1897 1434 1938 videmus
1451 1898 1570 1949 quod
1588 1897 1783 1937 animata

246 1967 404 2008 cadunt
429 1967 469 2006 in
492 1966 692 2020 pulveres
708 1967 885 2018 quando
906 1972 1249 2019 corrumpuntur.

308 2133 586 2186 <Capitulum
612 2141 676 2174 2¹³¹.
738 2135 789 2174 de
810 2135 1091 2187 generacioue
1113 2134 1346 2176 mzbctomm
1368 2140 1410 2174 et
1419 2134 1723 2187 plantarum.)

309 2253 476 2293 Habito
494 2254 547 2294 de
561 2255 842 2306 generacione
865 2253 1195 2303 elementorum,
1219 2254 1449 2294 dicendum
1465 2260 1529 2295 est
1547 2255 1601 2294 de
1621 2252 1784 2300 mixtis,

250 2321 436 2374 qualiter
462 2328 504 2361 et
538 2321 764 2374 quomodo
790 2328 1061 2374 generantur.
1126 2321 1203 2363 Set
1231 2323 1313 2364 hoc
1344 2323 1518 2376 copiose
1547 2323 1782 2364 discussum
1806 2333 1849 2363 30³

251 2396 316 2430 est
355 2390 397 2429 in
437 2396 624 2431 tractatu
664 2391 844 2431 [zlkz'mie
876 2392 1144 2444 speculative,
1176 2392 1352 2441 scilicet,
1384 2392 1426 2431 in
1462 2391 1624 2432 minori
1652 2397 1782 2443 opere.

255 2459 370 2499 Nam
408 2459 536 2500 nichil
572 2460 721 2513 scripsi
759 2460 818 2501 ita
856 2460 1094 2513 diligenter,
1124 2466 1301 2513 propter
1341 2460 1425 2501 hoc
1466 2460 1584 2513 quod
1629 2471 1785 2512 magna

256 2527 538 2569 fundamenta
575 2528 850 2582 philosophie
883 2528 1092 2570 naturalis
1125 2536 1167 2570 et
1205 2529 1418 2570 medicine
1455 2536 1498 2569 et
1532 2528 1707 2569 alkimie
1743 2534 1787 2568 et

253 2596 473 2650 theologie
499 2604 597 2637 sunt
628 2597 697 2637 ibi.
762 2597 821 2637 Et
850 2597 908 2637 ibi
934 2598 976 2637 in
1005 2598 1233 2638 universali
1269 2597 1537 2638 manifestavi
1561 2597 1806 2650 quomodo»¹

303 2707 403 2728 10—11
431 2700 472 2728 in
489 2698 669 2738 tractatu]
687 2708 744 2729 see
762 2708 817 2738 pp.
835 2708 877 2729 20
893 2708 966 2737 sqq.
1093 2708 1131 2736 31
1158 2700 1296 2730 minori
1315 2697 1438 2738 opere]
1464 2708 1522 2728 see
1540 2697 1603 2738 Op.
1621 2696 1717 2737 Min„
1734 2697 1790 2727 ed,

257 2752 410 2791 Brewer,
430 2762 486 2791 pp.
503 2762 568 2791 359
585 2763 657 2791 sqq.
