1898 3126
979 87 1059 126 206

258 202 484 256 principio,
513 201 594 241 nisi
625 199 790 253 aliquid
824 205 1078 239 renovatum
1107 204 1221 239 esset
1254 198 1295 237 in
1318 211 1379 246 ea,
1403 197 1580 250 quando
1603 203 1668 237 est
1690 208 1789 249 pro-

260 268 423 321 pinqua
445 267 632 308 termino
654 265 952 319 generacionis
970 277 979 313 ;
1013 265 1125 306 sicut
1142 270 1207 305 est
1224 277 1249 303 a
1264 269 1388 316 parte
1406 262 1611 303 elementi
1633 262 1790 302 sorcius

115 347 154 387 58
173 346 194 376 b
214 355 238 375 2.
263 337 370 377 moti
398 337 441 376 in
463 335 559 384 fine,
575 342 617 375 et
641 334 747 375 illud
770 334 889 386 quod
913 339 1144 374 renovatur
1170 331 1174 386 1
1204 332 1246 372 in
1269 345 1320 372 ea
1334 338 1399 372 est
1414 344 1509 372 esse
1526 329 1791 383 complecius

261 418 394 457 quam
417 405 457 444 in
480 403 696 458 principio
719 415 793 443 seu
823 402 970 454 aliqua
998 401 1248 454 disposicio,
1271 400 1382 440 sicut
1403 399 1473 440 hic
1495 399 1675 452 aliquod
1698 411 1791 439 esse

261 479 497 514 renovatur
512 473 554 512 in
571 472 791 512 elemento
805 477 848 511 θῖ
861 470 1008 522 aliqua
1024 470 1271 523 disposicio.
1316 469 1394 511 Set
1410 469 1516 510 illud
1531 469 1650 521 quod
1665 480 1790 508 reno-
1810 488 1828 519 5

260 549 335 583 vat
357 541 609 594 hujusmodi
632 553 727 580 esse
747 539 848 580 hinc
871 539 983 586 inde,
1007 551 1093 578 non
1116 545 1181 579 est
1204 538 1431 588 uniforme,
1455 551 1556 578 nam
1578 549 1792 590 generans

262 611 338 652 dat
362 610 542 650 materie
566 622 658 649 esse
680 607 956 660 complecius,
978 613 1020 647 et
1043 620 1129 647 non
1151 607 1360 647 terminus
1382 605 1693 659 generacionis‚
1719 604 1793 658 qui

262 685 327 719 est
350 677 446 717 finis
469 677 752 724 desideratus,
767 675 837 715 ille
855 675 970 715 enim
995 674 1091 714 finis
1114 688 1200 716 non
1222 681 1287 716 est
1309 675 1488 723 activus,
1505 675 1582 715 sed
1604 674 1672 715 hic
1696 673 1794 714 finis

262 752 419 795 motus,
467 745 541 797 qui
581 751 647 785 θεῖ
688 744 818 792 locus
860 750 926 784 θεῖ
957 744 1140 793 activus,
1172 750 1216 784 et
1247 744 1324 784 dat
1355 744 1468 784 istud
1502 757 1608 784 esse.
1679 742 1794 796 Quia

262 814 472 855 terminus
494 813 791 866 generacionis
813 825 899 852 non
923 818 988 852 θεῖ
1011 811 1154 851 adhuc
1178 812 1221 851 in
1248 825 1390 852 rerum
1413 818 1577 859 natura,
1601 825 1681 852 nec
1701 825 1795 853 esse
1816 831 1854 852 10

263 882 426 930 habet3
459 889 502 922 et
529 882 640 931 ideo,
663 894 749 921 non
782 877 929 933 potest
957 894 1086 933 agere
1114 893 1193 921 nec
1221 881 1416 921 alterare.
1478 880 1557 921 Set
1588 880 1707 921 locus
1729 886 1816 922 θεῖ’

263 950 513 991 substancia
545 950 587 989 in
619 955 717 989 actu
750 948 916 989 habens
949 954 1216 1001 potestatem
1253 949 1464 1002 operandi
1498 956 1542 989 et
1581 945 1796 990 alterandi

263 1018 411 1068 aliud;
443 1023 486 1058 et
518 1017 628 1067 ideo,
650 1017 890 1058 secundum
922 1016 1004 1057 hoc
1037 1030 1124 1057 non
1155 1023 1220 1058 θεῖ
1251 1017 1393 1058 simile
1423 1018 1523 1059 hinc
1553 1017 1666 1068 inde,
1696 1017 1797 1058 licet

262 1087 502 1128 secundum
534 1085 723 1138 priorem
756 1085 1070 1126 condicionem.
1133 1087 1193 1127 Et
1224 1087 1424 1139 quamvis
1464 1100 1677 1140 generans
1712 1086 1796 1126 θ1θ-

265 1159 460 1192 mentum
504 1152 557 1192 sit
599 1165 728 1192 causa
770 1157 915 1192 motus
956 1151 1108 1192 localis
1143 1152 1186 1191 in
1222 1165 1286 1201 eo,
1322 1152 1541 1205 loquendo
1583 1153 1639 1193 de
1674 1158 1797 1193 motu
1819 1173 1856 1204 15

263 1221 415 1273 primo,
449 1233 579 1273 quem
613 1220 764 1273 recipit
796 1219 1072 1270 elementum,
1110 1227 1153 1261 et
1184 1220 1239 1261 de
1272 1220 1369 1262 loco
1401 1222 1556 1274 primo,
1592 1220 1797 1273 quoniam

262 1289 368 1329 dum
400 1295 634 1342 generatur
665 1288 844 1329 flamma
875 1289 1085 1338 ascendit,
1116 1296 1265 1330 tamen
1299 1303 1376 1330 nos
1407 1289 1628 1342 loquimur
1652 1289 1721 1329 hic
1743 1289 1798 1329 de

262 1357 481 1398 elemento
500 1357 721 1410 completo
740 1358 781 1396 in
796 1370 900 1405 esse,
919 1364 963 1398 et
981 1357 1202 1410 prohibito
1217 1372 1242 1398 a
1259 1358 1354 1399 loco
1369 1372 1445 1412 per
1458 1359 1523 1399 sui
1540 1358 1798 1399 distanciam

267 1426 409 1475 medii,
427 1426 538 1466 sicut
559 1426 850 1466 communiter
872 1425 1092 1478 loquimur
1114 1427 1169 1468 de
1187 1433 1309 1467 motu
1333 1426 1658 1468 elementorum.
1720 1425 1798 1467 Set

266 1493 345 1535 hec
369 1500 433 1534 est
454 1495 596 1547 gravis
612 1494 847 1544 dubitacio,
863 1500 906 1535 et
928 1507 1015 1536 non
1038 1501 1184 1549 potest
1203 1495 1423 1536 terminari
1446 1495 1526 1535 nisi
1549 1496 1592 1535 in
1610 1500 1798 1536 tractatu
1820 1515 1858 1536 20

264 1564 439 1616 proprio
460 1562 512 1603 de
531 1564 758 1604 elementis.

328 1688 571 1742 Capitulum
612 1697 680 1739 41¹¹.
760 1691 812 1730 de
853 1704 984 1732 vacuo
1023 1697 1232 1744 quantum
1274 1691 1336 1731 ad
1370 1692 1460 1745 ejus
1511 1697 1799 1732 nccessztatem

256 1765 434 1811 propser
471 1759 610 1799 locata
645 1765 689 1798 et
717 1765 896 1812 propter
933 1766 1094 1800 motum
1127 1760 1351 1812 augmenti
1385 1766 1428 1800 et
1459 1760 1730 1810 nutrimenti,
1760 1765 1804 1800 et

262 1833 435 1879 propter
458 1833 619 1867 motum
641 1827 822 1868 localem.

328 1925 454 1965 Circa
476 1939 662 1965 vacuum
696 1927 839 1978 primo
871 1927 1043 1967 videtur
1074 1940 1248 1968 necesse
1270 1940 1433 1980 ponere
1455 1927 1597 1980 ipsum
1620 1934 1800 1981 propter
1821 1944 1858 1976 ²5

267 2006 451 2045 corpora
476 1993 675 2045 locanda,
697 1996 786 2035 sive
808 1995 850 2035 in
878 1995 988 2047 loco,
1009 1996 1098 2036 sive
1120 1996 1162 2035 in
1189 1995 1382 2035 nutribili
1406 2002 1448 2036 et
1470 1995 1798 2048 augmentabili.

268 2061 327 2100 Et
357 2062 413 2100 ad
441 2061 522 2102 hoc
549 2064 744 2115 arguitur
775 2064 858 2103 sic:
892 2078 1050 2117 corpus
1076 2071 1153 2105 aut
1183 2064 1389 2117 recipitur
1414 2065 1456 2104 in
1489 2065 1618 2116 pleno
1650 2071 1725 2104 aut
1757 2065 1798 2102 in

266 2141 431 2178 vacuo;
463 2130 497 2168 si
530 2130 572 2169 in
602 2130 746 2182 pleno,
778 2139 906 2173 erunt
935 2133 1023 2173 duo
1053 2147 1235 2185 corpora
1264 2133 1423 2183 simul;
1456 2146 1559 2185 ergo
1583 2134 1624 2172 in
1646 2145 1798 2172 vacuo.

270 2195 343 2237 Sic
368 2197 409 2235 in
432 2196 613 2237 humore
631 2200 839 2240 nutritivo
861 2214 960 2241 cum
982 2202 1039 2241 sit
1061 2214 1232 2254 corpus,
1254 2202 1288 2241 si
1312 2201 1355 2241 in
1378 2201 1507 2253 pleno
1529 2207 1572 2241 et
1595 2202 1636 2240 in
1658 2200 1799 2240 solido

269 2265 408 2304 carnis
431 2273 473 2305 et
505 2267 614 2306 ossis
637 2268 880 2320 recipiatur,
911 2276 1015 2310 tunc
1037 2276 1164 2309 erunt
1195 2271 1282 2310 duo
1308 2283 1494 2322 corpora
1523 2269 1664 2319 simul,
1697 2282 1800 2322 ergo
1821 2283 1861 2316 30

269 2333 310 2372 in
334 2334 449 2385 poris
470 2335 617 2374 vacuis
636 2351 642 2375 :
675 2343 717 2376 et
738 2337 935 2378 similiter
956 2339 1010 2378 de
1033 2344 1282 2392 augmento.
1348 2337 1426 2379 Set
1448 2344 1611 2389 contra,
1629 2337 1770 2390 primo
1795 2335 1799 2390 l

314 2474 352 2493 21
379 2466 424 2495 de
442 2466 651 2506 elementis]
677 2476 735 2496 see
754 2477 808 2506 pp.
826 2477 899 2507 203.
924 2478 971 2507 12y
991 2478 1065 2500 211.
1088 2479 1135 2499 11.

315 2599 335 2627 3
361 2590 442 2629 fine]
462 2590 529 2620 fine
546 2600 645 2629 quam
663 2592 696 2621 in
714 2592 881 2632 principio
897 2593 932 2622 D
1088 2603 1126 2632 13
1150 2593 1247 2633 inde]
1266 2594 1356 2625 unde
1374 2593 1407 2623 D
1562 2604 1603 2624 22
1627 2593 1688 2634 4¹¹²]
1706 2595 1750 2632 3¹¹²
1767 2593 1802 2623 D

272 2649 378 2678 22-24
403 2641 445 2670 de
472 2651 578 2672 vacuo
595 2665 602 2672 .
622 2666 629 2673 .
653 2666 661 2673 .
680 2642 843 2684 localem]
873 2645 914 2674 de
942 2645 1145 2675 necessitate
1170 2646 1268 2675 vacui
1295 2650 1435 2684 propter
1457 2645 1600 2676 locanda
1621 2650 1656 2676 et
1675 2649 1800 2675 motum

272 2691 467 2721 nutrimenti
484 2696 517 2722 et
533 2694 703 2732 augmenti
719 2696 905 2725 secundum
923 2695 996 2726 loca
1012 2696 1055 2726 F:
1081 2697 1122 2726 de
1140 2706 1245 2726 vacuo
1263 2696 1296 2726 D
1393 2706 1436 2735 29
1461 2696 1516 2727 Sic
1533 2695 1585 2737 in]
1606 2697 1666 2728 Set
1683 2697 1725 2727 de
1740 2695 1803 2726 FD

272 2751 314 2779 30
338 2741 438 2782 ergo]
455 2752 535 2781 ergo
554 2744 735 2783 recipietur
751 2746 785 2774 l)
