1877 3131
38 571 54 602 5

17 928 56 951 10

808 180 886 222 153

76 279 366 319 substanciale
392 281 508 332 quod
536 281 775 320 secundum
803 282 1119 321 successionem
1143 283 1341 323 variatur.
1409 284 1482 323 Ex
1513 283 1612 335 hiis,

76 347 217 401 igitur,
238 348 341 387 satis
372 348 414 387 in
446 361 618 388 summa
649 354 771 400 patet
802 350 1078 402 comparacio
1111 350 1321 403 temporis
1348 357 1391 390 et
1417 357 1609 405 tempor-

76 415 208 455 alium
249 417 305 456 ad
348 429 570 456 mensuras
606 418 973 470 permanencium,
1004 424 1051 458 ut
1084 425 1286 471 separato
1323 425 1522 472 tempore
1552 422 1606 460 ab

75 483 135 523 eis
158 484 373 535 possimus
396 483 450 524 de
481 498 533 524 eo
557 484 716 524 cercius
744 490 1020 536 pertractare,
1043 492 1086 525 et
1108 492 1257 525 tamen
1279 486 1426 539 aliqua
1454 494 1607 540 postea

75 551 287 601 dicentur,
323 565 399 605 per
441 553 556 592 viam
598 553 803 606 plenioris
840 553 1164 606 disputacionis‚
1202 554 1257 594 de
1294 568 1388 604 evo,
1427 563 1607 608 propter

75 618 171 670 hoc,
203 621 321 672 quod
357 620 582 674 opiniones
618 621 854 661 multorum
890 629 1058 674 ponunt
1093 636 1220 662 evum
1260 624 1384 675 quasi
1419 637 1512 664 esse
1549 625 1604 664 de

75 693 228 728 natura
248 689 470 741 temporis,
488 696 563 729 aut
586 689 811 729 consimile
830 704 838 739 ;
870 690 949 730 sibi
973 690 1086 744 ipsis,
1104 691 1214 731 sicut
1237 698 1281 732 θῖ
1302 692 1489 743 veritati,
1504 706 1604 733 con-

74 757 386 797 tradicentibus
411 757 453 797 in
474 757 554 798 hac
578 765 713 810 parte.

136 840 380 894 Capitulum
396 849 462 892 4³¹³.
499 842 550 882 de
562 842 819 896 dtffim'cione
834 845 1037 898 tcttzporis
1048 844 1278 885 secandum
1295 844 1298 890 l
1316 846 1607 896 Aristotelem,
1627 863 1666 892 43
1686 864 1703 882 a
1725 863 1754 885 ε,

72 914 114 948 et
133 908 240 960 quid
258 909 319 949 sit
344 916 507 961 tempus
534 910 763 949 secundnm
782 923 922 962 genus
950 917 991 950 et
1013 910 1320 962 differenciam,
1342 919 1384 952 et
1405 913 1607 964 quomodo

72 975 198 1017 habet
216 990 313 1018 esse.

132 1051 205 1090 Ex
226 1051 430 1104 predictis
456 1052 548 1104 jam
577 1058 723 1104 potest
753 1052 924 1092 extrahi
954 1053 1058 1106 quid
1083 1060 1148 1094 θεῖ
1179 1053 1427 1106 subjectum
1451 1069 1605 1095 verum

72 1120 293 1173 temporis,
321 1120 387 1159 cui
414 1121 578 1168 accidit7
601 1128 644 1160 θῖ
674 1122 714 1160 in
742 1134 829 1172 quo
858 1127 934 1170 est,
962 1123 1084 1174 cujus
1116 1128 1180 1162 est
1203 1124 1344 1175 primo
1375 1138 1604 1175 mensura;

73 1195 115 1228 et
137 1188 219 1228 hoc
242 1189 324 1228 erit
348 1195 504 1238 motus,
529 1189 632 1241 quia
653 1189 772 1229 solus
800 1196 942 1229 motus
965 1197 1029 1230 θεῖ
1052 1205 1118 1232 res
1140 1193 1381 1233 successiva
1404 1194 1542 1245 primo
1565 1201 1607 1234 et

73 1270 151 1310 per
172 1271 231 1305 se,
255 1263 298 1297 et
321 1263 494 1310 tempus
516 1264 581 1298 est
605 1271 806 1298 mensura
829 1260 1122 1300 successionis.
1187 1261 1291 1301 Duo
1315 1261 1442 1311 enim,
1466 1268 1610 1314 preter

73 1332 256 1374 motum,
279 1334 585 1367 mensurantur
615 1333 828 1380 tempore,
859 1327 1035 1377 scilicet,
1068 1342 1162 1369 esse
1194 1329 1484 1370 substanciale
1518 1344 1608 1371 cor-

71 1395 340 1448 ruptibilium
371 1401 413 1435 et
436 1395 566 1446 quies.
623 1393 700 1435 Set
728 1396 841 1435 istud
866 1409 960 1435 esse
993 1409 1079 1436 non
1104 1403 1378 1437 mensuratur
1400 1404 1608 1452 tempore,

71 1463 149 1503 nisi
176 1476 254 1515 per
279 1460 285 1517 Ι
314 1469 495 1513 motum,
518 1470 561 1504 θῖ
583 1463 683 1515 quia
706 1469 770 1504 est
794 1464 835 1502 in
858 1471 995 1515 motu,
1018 1478 1094 1504 nec
1117 1466 1251 1517 quies,
1274 1466 1353 1505 nisi
1379 1467 1479 1518 quia
1505 1474 1606 1508 nata
1629 1476 1664 1507 F.
1682 1483 1720 1516 97
1740 1476 1761 1506 b
1782 1485 1812 1507 r,

71 1538 137 1572 est
160 1531 251 1572 fieri
274 1532 315 1571 in
348 1546 399 1572 eo
432 1532 472 1571 in
496 1545 584 1584 quo
616 1538 773 1581 motus,
805 1539 848 1573 θῖ
879 1533 981 1584 quia
1010 1546 1096 1572 non
1127 1533 1262 1574 habet
1288 1536 1530 1576 secundum
1561 1550 1606 1576 se

14 1623 27 1635 ο
70 1601 396 1648 successionem,
422 1602 500 1640 nisi
522 1614 599 1654 per
628 1601 818 1652 aliquem
843 1609 1013 1641 motum
1037 1615 1135 1642 cum
1164 1616 1252 1654 quo
1273 1604 1534 1651 extenditur,
1560 1611 1606 1644 ut

70 1675 318 1721 exponetur
348 1668 535 1718 inferius,
559 1675 602 1709 et
632 1669 730 1709 ideo
761 1675 934 1723 tempus
966 1671 1046 1710 erit
1080 1685 1157 1723 per
1179 1684 1224 1710 se
1247 1678 1290 1711 et
1314 1673 1457 1724 primo
1482 1686 1603 1713 men-

70 1750 168 1777 sura
202 1743 356 1786 motus,
390 1743 432 1777 θῖ
475 1738 697 1777 mediante
731 1743 852 1777 motu
896 1739 1162 1779 mensurabit
1197 1740 1390 1791 quietem
1426 1747 1470 1780 et
1511 1755 1604 1782 esse

69 1805 348 1858 corruptibile
380 1805 562 1846 mobilis.
625 1805 756 1858 Quod
784 1806 1049 1847 Aristoteles
1080 1808 1271 1848 verificat
1306 1822 1382 1860 per
1413 1809 1601 1862 signum,

68 1873 169 1927 quia
191 1887 277 1913 non
299 1879 445 1926 potest
467 1880 643 1926 tempus
670 1875 844 1927 percipi,
868 1875 947 1914 nisi
975 1877 1150 1928 quando
1180 1876 1416 1930 percipitur
1446 1885 1603 1927 motus,

69 1955 148 1983 nec
170 1956 193 1982 e
220 1955 443 1983 converso.
498 1942 622 1983 Sicut
651 1943 724 1996 qui
748 1943 789 1982 in
814 1942 963 1983 Sardis
985 1944 1059 1984 diu
1083 1945 1366 1994 dormierunt,
1389 1959 1474 1986 non
1503 1961 1601 1999 per-

68 2017 275 2063 ceperunt
297 2017 486 2064 tempus,
508 2012 684 2063 quando
707 2012 1003 2064 expergefacti
1027 2019 1142 2063 sunt,
1164 2013 1265 2066 quia
1288 2028 1373 2055 non
1398 2029 1600 2070 percepe-

37 2132 40 2134 Ὗ
68 2086 166 2120 runt
199 2085 380 2128 motum,
415 2086 462 2119 ut
493 2079 758 2120 Aristoteles
790 2080 894 2120 dicit
925 2081 1119 2133 capitulo
1150 2081 1200 2122 de
1233 2088 1439 2135 tempore:
1483 2090 1524 2123 et
1557 2085 1597 2124 in

9 2308 49 2339 30

67 2147 177 2188 libro
199 2147 521 2187 Problematmn
544 2148 663 2199 dicit,
684 2148 803 2199 quod
834 2149 1111 2190 ambulantes
1143 2149 1183 2189 in
1216 2150 1479 2192 dormiendo
1511 2166 1596 2192 non

66 2216 308 2269 percipiunt
331 2230 461 2269 opera
491 2216 637 2268 vigilie
666 2230 750 2269 que
783 2215 960 2268 faciunt,
983 2217 1084 2257 licet
1109 2232 1160 2258 ea
1186 2232 1271 2270 que
1300 2227 1401 2260 sunt
1425 2228 1597 2271 motus;

66 2284 295 2325 ambulant
316 2284 446 2333 enim,
466 2290 509 2324 et
531 2285 740 2336 equitant,
763 2290 806 2325 et
829 2285 1000 2326 elevant
1029 2288 1234 2338 pondera,
1258 2293 1301 2327 et
1328 2290 1596 2341 percuciunt,

67 2359 110 2393 θῖ
147 2353 344 2406 aperiunt
381 2353 505 2400 ostia,
545 2359 587 2392 et
618 2352 868 2404 hujusmodi
912 2353 1063 2406 multa,
1096 2362 1138 2396 et
1177 2369 1307 2396 causa
1346 2356 1475 2409 hujus
1514 2365 1597 2408 est„

65 2422 303 2462 secundum
326 2434 438 2470 eum,
461 2422 562 2475 quia
586 2435 671 2461 non
695 2422 938 2474 percipiunt
961 2428 1146 2476 tempus.
1200 2424 1261 2465 Et
1292 2431 1471 2478 propter
1498 2426 1594 2474 hoc,

65 2502 163 2530 cum
190 2491 417 2543 percepcio
444 2498 587 2531 motus
619 2503 704 2529 non
734 2497 811 2540 est,
835 2491 913 2529 nisi
937 2504 1033 2531 cum
1057 2492 1343 2544 percepcione
1371 2494 1594 2545 temporis,

65 2570 142 2598 nec
171 2572 195 2598 θ
228 2571 447 2607 converso,
471 2559 642 2612 signum
671 2559 845 2599 evidens
876 2565 942 2599 est
973 2561 1091 2612 quod
1122 2567 1266 2600 motus
1293 2574 1378 2600 non
1412 2568 1478 2602 est
1501 2563 1599 2602 sine

106 2662 146 2692 27
171 2656 216 2684 de
232 2653 415 2694 tempore]
431 2654 531 2694 Phys.
551 2655 593 2685 iv.
611 2664 663 2693 97.
746 2655 788 2684 28
811 2655 1107 2696 Problematum]
1131 2655 1197 2686 vid.
1218 2654 1255 2685 de
1270 2654 1400 2686 Somno
1417 2659 1445 2685 et
1464 2656 1597 2697 Vt‘gt'lz'cr..

110 2737 123 2757 1
149 2728 335 2758 seeundum
364 2728 633 2768 successionem]
658 2728 851 2758 successive
875 2728 907 2757 F
1097 2739 1117 2767 4
1142 2728 1329 2769 possimus]
1357 2739 1539 2769 possumus
1567 2731 1603 2759 F

62 2789 83 2818 9
107 2778 278 2819 quartum]
295 2779 448 2818 quintum
465 2779 529 2809 FD
651 2789 734 2818 9—11
762 2780 963 2810 diffinicione
981 2803 988 2811 .
1007 2803 1015 2810 .
1036 2803 1044 2811 .
1062 2779 1155 2821 esse]
1175 2780 1361 2811 affeccione
1379 2782 1541 2820 temporis
1559 2782 1596 2811 D

66 2839 100 2860 11
129 2830 231 2861 habet
248 2830 340 2871 esse]
358 2841 394 2862 se
411 2831 509 2862 habet
527 2831 566 2861 ad
584 2841 659 2861 esse
677 2831 709 2860 F
840 2833 878 2862 16
903 2831 1187 2873 corruptibilium]
1206 2832 1431 2872 corporalium
1449 2833 1484 2863 D

129 2906 192 2923 me.
205 2906 234 2923 ιιι
814 2894 851 2923 M
