1898 3126
99 648 173 685 ³5ss

195 654 220 677 1.

959 118 1041 159 292

243 235 327 262 non
358 227 456 261 sunt
484 221 525 261 in
551 221 875 274 predicamento
901 220 1161 268 substancie,
1188 233 1266 260 nec
1294 220 1335 260 in
1362 220 1564 274 potencia
1589 220 1759 274 generis

242 290 434 343 alicujus,
459 292 559 343 quia
581 291 635 330 de
658 290 857 343 potencia
879 290 1045 342 generis
1066 289 1247 342 produci
1271 303 1356 330 non
1377 296 1573 343 possunt,
1593 303 1708 343 ergo,
1725 291 1760 331 si

244 366 386 400 essent
408 359 449 399 in
471 360 670 412 potencia
692 359 861 411 generis
882 365 984 399 tunc
1000 358 1156 398 frustra
1173 365 1315 399 essent
1335 372 1343 407 ;
1376 364 1441 399 set
1455 365 1610 399 natura
1632 358 1762 399 nichil

242 429 341 470 facit
364 428 520 469 frustra
543 441 621 469 nec
639 428 771 468 Deus.
806 428 863 467 Et
887 427 1000 468 istud
1028 426 1192 480 fingunt
1215 434 1262 468 ut
1284 428 1343 469 sic
1365 427 1575 481 principia
1596 429 1763 481 generis

242 497 498 546 substancie,
521 511 604 549 que
631 502 729 537 sunt
758 495 940 536 materia
963 503 1005 536 et
1037 495 1177 536 forma
1205 496 1442 538 excludant
1468 498 1523 538 ab
1544 496 1697 549 angelo
1719 502 1762 536 et
1782 512 1798 542 5

242 568 297 606 ab
338 566 483 606 anima
521 565 734 615 racionali,
775 578 851 618 per
892 563 972 605 hoc
1015 564 1208 605 volentes
1250 564 1410 618 fingere
1451 566 1570 618 quod
1617 565 1762 606 anima

244 634 469 675 racionalis
501 641 565 675 est
592 635 595 687 Ῑ
625 633 813 686 simplex
847 639 890 674 et
922 633 1101 687 angelus
1135 633 1348 675 similiter.
1392 633 1468 676 Set
1499 634 1578 675 hec
1611 647 1759 676 eorum

244 716 421 743 erronea
455 702 648 744 defencio
682 715 811 755 porro
843 709 907 743 est
941 703 1124 753 infamis,
1156 703 1257 756 quia
1289 710 1383 744 tota
1414 703 1688 757 philosophia
1719 709 1762 743 et

245 779 410 812 actores
431 772 620 812 clamant
643 772 761 824 quod
784 771 923 812 solum
945 779 1044 813 sunt
1067 773 1218 813 decem
1239 773 1562 826 predicamenta
1582 778 1625 812 et
1646 773 1762 825 quod

247 841 323 880 hec
364 841 507 880 omnia
548 841 921 894 comprehendunt
954 848 1099 895 preter
1132 841 1275 882 Deum
1322 842 1430 882 sicut
1471 841 1619 895 incipit
1655 839 1764 882 liber
1787 853 1824 876 10

247 908 314 949 Dc
334 916 430 949 ortu
456 909 774 950 Scimciarmn:
809 909 930 951 Scias
953 909 1085 950 nichil
1117 924 1212 951 esse
1236 916 1380 964 preter
1401 910 1697 951 substanciam
1720 916 1762 949 et

248 978 457 1018 accidens.
521 978 567 1018 Si
591 992 693 1032 ergo
715 978 855 1032 angeli
888 986 931 1019 et
953 980 1096 1019 anime
1124 993 1208 1021 non
1232 985 1331 1020 sunt
1363 981 1405 1020 in
1436 980 1763 1033 predicamento

247 1048 503 1095 substancie,
545 1054 647 1088 tunc
695 1047 852 1089 facient
903 1049 1181 1090 undecimum
1232 1050 1616 1102 predicamentum,
1662 1049 1763 1102 quia

246 1117 615 1169 predicamentum
647 1131 732 1157 non
765 1125 829 1158 est
861 1118 940 1158 nisi
972 1118 1176 1159 colleccio
1205 1119 1445 1172 specierum
1479 1126 1521 1159 et
1553 1131 1762 1173 generum

244 1199 317 1226 scu
341 1187 550 1227 maneries
566 1200 707 1227 rerum
729 1188 1009 1236 diversarum,
1028 1188 1229 1229 distincta
1250 1189 1305 1228 ab
1327 1188 1412 1229 alio
1426 1189 1763 1241 predicamento.
1787 1201 1821 1231 15

248 1254 294 1295 Si
337 1256 450 1295 enim
500 1255 702 1296 colleccio
753 1256 1014 1309 qualitatum
1059 1257 1159 1299 facit
1200 1271 1334 1298 unum
1377 1257 1761 1311 predicamentum,

248 1324 545 1364 multoforcius
573 1324 776 1365 colleccio
805 1333 896 1365 tam
920 1325 1126 1366 nobilium
1154 1340 1294 1367 rerum
1318 1340 1403 1379 que
1424 1332 1522 1366 sunt
1551 1326 1691 1379 angeli
1720 1334 1763 1368 et

246 1393 456 1433 homines.
519 1393 576 1433 Et
602 1394 637 1434 si
660 1407 842 1447 corpora
868 1393 1028 1435 faciunt
1051 1408 1184 1435 unum
1209 1396 1592 1448 predicamentum,
1616 1395 1761 1437 multi-

248 1461 403 1502 forcius
435 1462 621 1515 spiritus.

305 1530 436 1583 Quod
469 1544 570 1571 vero
602 1530 793 1583 allegant
825 1532 878 1571 de
920 1532 1120 1584 potencia
1157 1533 1338 1586 generis,
1372 1533 1606 1574 dicendum
1643 1532 1761 1586 quod
1786 1545 1825 1566 20

245 1600 442 1652 potencia
456 1601 622 1653 generis
638 1606 782 1652 potest
795 1601 1035 1653 promoveri
1052 1600 1093 1640 in
1108 1601 1308 1654 speciem,
1323 1601 1390 1642 vel
1404 1615 1479 1655 per
1492 1601 1761 1643 creacionem

248 1669 315 1709 vel
337 1669 377 1708 in
408 1676 617 1722 ternpore,
641 1669 754 1708 unde
777 1669 888 1710 sicut
909 1670 1150 1710 secundum
1177 1670 1375 1710 ordinem
1406 1671 1617 1723 temporis
1646 1670 1764 1723 prius

246 1744 310 1777 est
331 1737 490 1778 animal
511 1751 642 1790 quam
666 1751 803 1790 equus
825 1739 1005 1779 eductus
1033 1739 1086 1779 de
1118 1740 1321 1791 potencia
1348 1739 1476 1792 hujus
1499 1739 1681 1792 generis,
1703 1738 1764 1779 sic

245 1806 481 1846 secundum
504 1806 700 1846 ordinem
717 1813 869 1847 nature
886 1807 1004 1860 prius
1027 1815 1092 1848 est
1109 1808 1354 1849 substancia
1372 1822 1503 1861 quam
1519 1807 1764 1848 substancia

250 1875 497 1927 spiritualis,
536 1883 579 1915 et
616 1882 897 1929 promovetur
937 1877 1131 1917 essencia
1170 1877 1339 1930 generis
1381 1877 1424 1916 in
1463 1878 1664 1930 speciem,
1698 1882 1763 1917 set
1786 1891 1822 1921 25

246 1951 392 1984 tamen
416 1943 542 1984 simul
563 1944 793 1985 duracione
815 1949 927 1995 sunt,
943 1945 1044 1997 quia
1066 1945 1193 1985 simul
1213 1951 1510 1987 concreantur.
1555 1944 1765 1986 Similiter

248 2018 362 2052 certe
384 2019 563 2064 possent
584 2013 719 2053 creari
741 2026 922 2066 corpora
944 2014 1118 2054 celestia
1140 2020 1183 2054 et
1206 2014 1420 2055 elementa
1443 2015 1486 2054 in
1509 2014 1595 2055 suis
1617 2014 1764 2067 speris‚

248 2081 349 2133 quia
388 2094 473 2121 non
516 2087 615 2121 sunt
655 2089 863 2134 generata
896 2089 960 2123 set
1003 2089 1161 2133 creata,
1203 2090 1246 2124 et
1280 2084 1378 2124 ideo
1415 2084 1653 2125 secundum
1689 2097 1763 2124 eos

249 2150 414 2190 accidet
443 2151 561 2201 quod
589 2150 805 2203 pellentur
826 2158 952 2192 extra
974 2152 1347 2205 predicamentum
1370 2152 1630 2202 substancie,
1653 2152 1764 2192 sicut

250 2218 425 2271 spiritus
452 2219 591 2259 creati.
656 2219 870 2269 Ceterum,
894 2234 1025 2260 omne
1055 2222 1172 2273 quod
1203 2234 1289 2261 non
1315 2227 1380 2262 est
1408 2222 1608 2262 accidens
1641 2228 1684 2262 et
1714 2220 1764 2261 fit
1784 2234 1823 2264 30

247 2301 394 2328 verum
427 2287 668 2340 subjectum
701 2289 935 2329 accidentis
967 2297 1030 2330 est
1062 2290 1312 2331 substancia
1333 2303 1445 2339 vera,
1467 2290 1568 2343 quia
1599 2296 1765 2330 creator

246 2369 333 2396 non
374 2363 439 2397 est
476 2356 719 2409 subjectum
760 2358 1009 2407 accidentis,
1051 2365 1094 2399 et
1135 2358 1231 2399 ideo
1272 2372 1350 2399 nec
1387 2359 1645 2408 substancia,
1684 2358 1763 2398 nisi

251 2425 455 2477 equivoce
491 2425 657 2466 dicatur
693 2426 955 2476 substancia,
995 2440 1081 2467 non
1123 2427 1236 2467 enim
1278 2428 1357 2468 erit
1392 2427 1640 2468 substancia
1680 2440 1763 2479 que

248 2494 415 2534 substet
436 2494 660 2535 accidenti.
724 2494 812 2535 Sed
836 2494 1014 2547 angelus
1036 2501 1080 2536 et
1105 2496 1246 2536 anima
1272 2508 1357 2536 non
1380 2502 1479 2536 sunt
1501 2495 1762 2544 accidencia,

248 2569 291 2602 et
323 2563 530 2604 veraciter
566 2562 766 2604 substant
803 2564 1108 2613 accidentibus,
1151 2571 1199 2605 ut
1239 2564 1422 2605 sciencie
1466 2570 1510 2605 et
1549 2563 1697 2605 virtuti
1720 2570 1763 2604 et
1784 2575 1822 2607 35

127 2653 141 2666 u
198 2644 224 2665 2-
251 2631 394 2683 gracie
422 2637 464 2671 et
496 2631 633 2683 glorie
665 2638 706 2672 et
738 2631 999 2684 hujusmodi,
1027 2645 1133 2685 ergo
1163 2639 1337 2685 oportet
1367 2633 1486 2685 quod
1517 2631 1604 2674 sint
1632 2632 1637 2687 Ι
1663 2645 1763 2673 vere

247 2699 502 2749 substancie,
519 2706 560 2740 et
576 2700 673 2740 ideo
687 2707 860 2752 oportet
874 2702 991 2753 quod
1007 2701 1092 2741 sint
1107 2701 1149 2740 in
1166 2701 1489 2754 predicamento
1503 2701 1762 2741 substancie.

249 2766 323 2806 Set
352 2780 435 2807 non
466 2773 565 2808 sunt
594 2768 635 2807 in
669 2781 720 2808 eo
742 2768 852 2809 sicut
874 2768 1094 2822 principia,
1118 2775 1166 2809 ut
1193 2769 1375 2810 materia
1404 2775 1446 2810 et
1478 2769 1629 2819 forma,
1659 2782 1762 2822 ergo
