<?xml version="1.0" encoding="UTF-8"?>
<!DOCTYPE html PUBLIC "-//W3C//DTD XHTML 1.0 Transitional//EN"
    "http://www.w3.org/TR/xhtml1/DTD/xhtml1-transitional.dtd">
<html xmlns="http://www.w3.org/1999/xhtml" xml:lang="en" lang="en">
 <head>
  <title>
</title>
<meta http-equiv="Content-Type" content="text/html;charset=utf-8" />
  <meta name='ocr-system' content='tesseract 3.04.00' />
  <meta name='ocr-capabilities' content='ocr_page ocr_carea ocr_par ocr_line ocrx_word'/>
</head>
<body>
  <div class='ocr_page' id='page_1' title='image "./operahactenusine03baco_0070.png"; bbox 0 0 1898 3126; ppageno 0'>
   <div class='ocr_carea' id='block_1_1' title="bbox 105 470 1868 540">
    <p class='ocr_par' dir='ltr' id='par_1_1' title="bbox 105 470 1868 540">
     <span class='ocr_line' id='line_1_1' title="bbox 105 470 1868 540; baseline -0.006 -12"><span class='ocrx_word' id='word_1_1' title='bbox 105 506 169 538; x_wconf 55' lang='lat'>05‘</span> <span class='ocrx_word' id='word_1_2' title='bbox 200 506 228 527; x_wconf 84' lang='lat'>2.</span> <span class='ocrx_word' id='word_1_3' title='bbox 246 488 420 536; x_wconf 81' lang='lat' dir='ltr'>habere,</span> <span class='ocrx_word' id='word_1_4' title='bbox 442 486 544 527; x_wconf 90' lang='lat' dir='ltr'>licet</span> <span class='ocrx_word' id='word_1_5' title='bbox 566 485 801 539; x_wconf 84' lang='lat' dir='ltr'>improprie</span> <span class='ocrx_word' id='word_1_6' title='bbox 826 483 830 539; x_wconf 91' lang='grc'>1</span> <span class='ocrx_word' id='word_1_7' title='bbox 855 483 998 525; x_wconf 90' lang='lat' dir='ltr'>locum</span> <span class='ocrx_word' id='word_1_8' title='bbox 1025 495 1173 532; x_wconf 89' lang='lat' dir='ltr'>unum,</span> <span class='ocrx_word' id='word_1_9' title='bbox 1195 482 1298 535; x_wconf 85' lang='lat' dir='ltr'>quia</span> <span class='ocrx_word' id='word_1_10' title='bbox 1330 481 1465 522; x_wconf 85' lang='lat' dir='ltr'>habet</span> <span class='ocrx_word' id='word_1_11' title='bbox 1492 493 1628 521; x_wconf 89' lang='lat' dir='ltr'>unum</span> <span class='ocrx_word' id='word_1_12' title='bbox 1651 479 1781 520; x_wconf 89' lang='lat' dir='ltr'>situm</span> <span class='ocrx_word' id='word_1_13' title='bbox 1802 498 1820 531; x_wconf 83' lang='lat'>5</span> <span class='ocrx_word' id='word_1_14' title='bbox 1862 470 1868 540; x_wconf 64' lang='grc'>1</span> 
     </span>
    </p>
   </div>
   <div class='ocr_carea' id='block_1_2' title="bbox 32 2082 238 2113">
    <p class='ocr_par' dir='ltr' id='par_1_2' title="bbox 32 2082 238 2113">
     <span class='ocr_line' id='line_1_2' title="bbox 32 2082 238 2113; baseline -0.005 -1"><span class='ocrx_word' id='word_1_15' title='bbox 32 2082 67 2113; x_wconf 84' lang='lat' dir='ltr'>F.</span> <span class='ocrx_word' id='word_1_16' title='bbox 95 2090 151 2112; x_wconf 80' lang='lat'>102</span> <span class='ocrx_word' id='word_1_17' title='bbox 171 2082 191 2112; x_wconf 88' lang='lat' dir='ltr'>b</span> <span class='ocrx_word' id='word_1_18' title='bbox 212 2091 238 2111; x_wconf 92' lang='lat'>1.</span> 
     </span>
    </p>
   </div>
   <div class='ocr_carea' id='block_1_3' title="bbox 972 106 1054 146">
    <p class='ocr_par' dir='ltr' id='par_1_3' title="bbox 972 106 1054 146">
     <span class='ocr_line' id='line_1_3' title="bbox 972 106 1054 146; baseline -0.012 0"><span class='ocrx_word' id='word_1_19' title='bbox 972 106 1054 146; x_wconf 83' lang='lat'>194</span> 
     </span>
    </p>
   </div>
   <div class='ocr_carea' id='block_1_4' title="bbox 244 206 1784 473">
    <p class='ocr_par' dir='ltr' id='par_1_4' title="bbox 244 206 1784 473">
     <span class='ocr_line' id='line_1_4' title="bbox 244 206 1781 264; baseline -0.005 -11"><span class='ocrx_word' id='word_1_20' title='bbox 244 225 426 253; x_wconf 86' lang='lat' dir='ltr'>numero</span> <span class='ocrx_word' id='word_1_21' title='bbox 459 212 535 250; x_wconf 88' lang='lat' dir='ltr'>nisi</span> <span class='ocrx_word' id='word_1_22' title='bbox 564 223 640 264; x_wconf 90' lang='lat' dir='ltr'>per</span> <span class='ocrx_word' id='word_1_23' title='bbox 667 209 1047 263; x_wconf 80' lang='lat' dir='ltr'>aggregacionem,</span> <span class='ocrx_word' id='word_1_24' title='bbox 1068 208 1177 249; x_wconf 89' lang='lat' dir='ltr'>sicut</span> <span class='ocrx_word' id='word_1_25' title='bbox 1209 220 1288 248; x_wconf 91' lang='lat' dir='ltr'>nec</span> <span class='ocrx_word' id='word_1_26' title='bbox 1317 207 1396 247; x_wconf 88' lang='lat' dir='ltr'>erit</span> <span class='ocrx_word' id='word_1_27' title='bbox 1427 206 1486 247; x_wconf 92' lang='lat' dir='ltr'>ibi</span> <span class='ocrx_word' id='word_1_28' title='bbox 1516 218 1600 246; x_wconf 80' lang='lat' dir='ltr'>una</span> <span class='ocrx_word' id='word_1_29' title='bbox 1630 218 1781 258; x_wconf 84' lang='lat' dir='ltr'>super-</span> 
     </span>
     <span class='ocr_line' id='line_1_5' title="bbox 245 270 1784 333; baseline -0.006 -11"><span class='ocrx_word' id='word_1_30' title='bbox 245 282 360 322; x_wconf 82' lang='lat' dir='ltr'>ficies</span> <span class='ocrx_word' id='word_1_31' title='bbox 397 293 579 321; x_wconf 91' lang='lat' dir='ltr'>numero</span> <span class='ocrx_word' id='word_1_32' title='bbox 614 279 696 319; x_wconf 91' lang='lat' dir='ltr'>nisi</span> <span class='ocrx_word' id='word_1_33' title='bbox 733 292 810 333; x_wconf 87' lang='lat' dir='ltr'>per</span> <span class='ocrx_word' id='word_1_34' title='bbox 845 277 1225 333; x_wconf 81' lang='lat' dir='ltr'>aggregacionem.</span> <span class='ocrx_word' id='word_1_35' title='bbox 1300 270 1360 316; x_wconf 89' lang='lat' dir='ltr'>Et</span> <span class='ocrx_word' id='word_1_36' title='bbox 1402 275 1641 316; x_wconf 90' lang='lat' dir='ltr'>secundum</span> <span class='ocrx_word' id='word_1_37' title='bbox 1685 273 1784 325; x_wconf 82' lang='lat' dir='ltr'>hoc,</span> 
     </span>
     <span class='ocr_line' id='line_1_6' title="bbox 244 342 1783 404; baseline -0.006 -13"><span class='ocrx_word' id='word_1_38' title='bbox 244 352 366 404; x_wconf 80' lang='lat' dir='ltr'>virga</span> <span class='ocrx_word' id='word_1_39' title='bbox 397 362 484 390; x_wconf 90' lang='lat' dir='ltr'>non</span> <span class='ocrx_word' id='word_1_40' title='bbox 516 347 649 389; x_wconf 82' lang='lat' dir='ltr'>habet</span> <span class='ocrx_word' id='word_1_41' title='bbox 679 346 826 389; x_wconf 89' lang='lat' dir='ltr'>locum</span> <span class='ocrx_word' id='word_1_42' title='bbox 857 347 939 387; x_wconf 88' lang='lat' dir='ltr'>nisi</span> <span class='ocrx_word' id='word_1_43' title='bbox 972 359 1049 400; x_wconf 86' lang='lat' dir='ltr'>per</span> <span class='ocrx_word' id='word_1_44' title='bbox 1079 350 1228 398; x_wconf 83' lang='lat' dir='ltr'>partes</span> <span class='ocrx_word' id='word_1_45' title='bbox 1259 357 1359 385; x_wconf 84' lang='lat' dir='ltr'>suas</span> <span class='ocrx_word' id='word_1_46' title='bbox 1392 357 1469 398; x_wconf 88' lang='lat' dir='ltr'>per</span> <span class='ocrx_word' id='word_1_47' title='bbox 1499 342 1710 391; x_wconf 79' lang='lat' dir='ltr'>accidens,</span> <span class='ocrx_word' id='word_1_48' title='bbox 1739 349 1783 383; x_wconf 93' lang='lat' dir='ltr'>et</span> 
     </span>
     <span class='ocr_line' id='line_1_7' title="bbox 247 411 1783 473; baseline -0.006 -14"><span class='ocrx_word' id='word_1_49' title='bbox 247 425 426 473; x_wconf 88' lang='lat' dir='ltr'>propter</span> <span class='ocrx_word' id='word_1_50' title='bbox 465 417 562 464; x_wconf 81' lang='lat' dir='ltr'>hoc,</span> <span class='ocrx_word' id='word_1_51' title='bbox 605 429 693 458; x_wconf 91' lang='lat' dir='ltr'>non</span> <span class='ocrx_word' id='word_1_52' title='bbox 734 416 867 456; x_wconf 80' lang='lat' dir='ltr'>habet</span> <span class='ocrx_word' id='word_1_53' title='bbox 904 414 1080 468; x_wconf 85' lang='lat' dir='ltr'>proprie</span> <span class='ocrx_word' id='word_1_54' title='bbox 1123 413 1279 463; x_wconf 90' lang='lat' dir='ltr'>locum,</span> <span class='ocrx_word' id='word_1_55' title='bbox 1315 418 1382 453; x_wconf 92' lang='lat' dir='ltr'>set</span> <span class='ocrx_word' id='word_1_56' title='bbox 1424 419 1574 453; x_wconf 77' lang='lat' dir='ltr'>tamen</span> <span class='ocrx_word' id='word_1_57' title='bbox 1615 411 1783 452; x_wconf 89' lang='lat' dir='ltr'>dicetur</span> 
     </span>
    </p>
   </div>
   <div class='ocr_carea' id='block_1_5' title="bbox 1850 0 1898 2848">
    <p class='ocr_par' dir='ltr' id='par_1_5' title="bbox 1850 0 1898 2848">
     <span class='ocr_line' id='line_1_8' title="bbox 1850 0 1898 573; baseline 0 0"><span class='ocrx_word' id='word_1_58' title='bbox 1850 0 1898 573; x_wconf 95' lang='lat' dir='ltr'>  </span> 
     </span>
     <span class='ocr_line' id='line_1_9' title="bbox 1863 573 1898 2178; baseline 0 0"><span class='ocrx_word' id='word_1_59' title='bbox 1863 573 1898 2178; x_wconf 95' lang='lat' dir='ltr'>  </span> 
     </span>
     <span class='ocr_line' id='line_1_10' title="bbox 1875 2469 1876 2848; baseline 0 278"><span class='ocrx_word' id='word_1_60' title='bbox 1875 2469 1876 2848; x_wconf 95' lang='lat' dir='ltr'> </span> 
     </span>
    </p>
   </div>
   <div class='ocr_carea' id='block_1_6' title="bbox 247 549 1884 2670">
    <p class='ocr_par' dir='ltr' id='par_1_6' title="bbox 247 549 1891 2670">
     <span class='ocr_line' id='line_1_11' title="bbox 248 549 1784 610; baseline -0.006 -13"><span class='ocrx_word' id='word_1_61' title='bbox 248 564 444 610; x_wconf 88' lang='lat' dir='ltr'>respectu</span> <span class='ocrx_word' id='word_1_62' title='bbox 479 555 668 602; x_wconf 88' lang='lat' dir='ltr'>orientis,</span> <span class='ocrx_word' id='word_1_63' title='bbox 709 552 961 602; x_wconf 90' lang='lat' dir='ltr'>occidentis,</span> <span class='ocrx_word' id='word_1_64' title='bbox 998 551 1127 592; x_wconf 90' lang='lat' dir='ltr'>medii</span> <span class='ocrx_word' id='word_1_65' title='bbox 1164 550 1259 602; x_wconf 88' lang='lat' dir='ltr'>celi,</span> <span class='ocrx_word' id='word_1_66' title='bbox 1296 556 1340 590; x_wconf 89' lang='lat' dir='ltr'>et</span> <span class='ocrx_word' id='word_1_67' title='bbox 1380 549 1528 603; x_wconf 81' lang='lat' dir='ltr'>anguli</span> <span class='ocrx_word' id='word_1_68' title='bbox 1570 555 1696 596; x_wconf 85' lang='lat' dir='ltr'>terre,</span> <span class='ocrx_word' id='word_1_69' title='bbox 1737 552 1784 588; x_wconf 84' lang='lat' dir='ltr'>ut</span> 
     </span>
     <span class='ocr_line' id='line_1_12' title="bbox 247 616 1784 681; baseline -0.007 -14"><span class='ocrx_word' id='word_1_70' title='bbox 247 633 400 681; x_wconf 77' lang='lat' dir='ltr'>postea</span> <span class='ocrx_word' id='word_1_71' title='bbox 442 630 701 678; x_wconf 76' lang='lat' dir='ltr'>exponetur.</span> <span class='ocrx_word' id='word_1_72' title='bbox 784 622 863 663; x_wconf 86' lang='lat' dir='ltr'>Set</span> <span class='ocrx_word' id='word_1_73' title='bbox 905 621 965 662; x_wconf 88' lang='lat' dir='ltr'>sic</span> <span class='ocrx_word' id='word_1_74' title='bbox 1006 633 1095 660; x_wconf 89' lang='lat' dir='ltr'>non</span> <span class='ocrx_word' id='word_1_75' title='bbox 1141 626 1206 659; x_wconf 89' lang='lat' dir='ltr'>est</span> <span class='ocrx_word' id='word_1_76' title='bbox 1248 619 1366 659; x_wconf 90' lang='lat' dir='ltr'>locus</span> <span class='ocrx_word' id='word_1_77' title='bbox 1414 617 1633 666; x_wconf 82' lang='lat' dir='ltr'>naturalis,</span> <span class='ocrx_word' id='word_1_78' title='bbox 1674 616 1784 657; x_wconf 88' lang='lat' dir='ltr'>sicut</span> 
     </span>
     <span class='ocr_line' id='line_1_13' title="bbox 247 684 1785 741; baseline -0.007 -6"><span class='ocrx_word' id='word_1_79' title='bbox 247 695 463 736; x_wconf 82' lang='lat' dir='ltr'>elementa</span> <span class='ocrx_word' id='word_1_80' title='bbox 504 692 668 733; x_wconf 87' lang='lat' dir='ltr'>debent</span> <span class='ocrx_word' id='word_1_81' title='bbox 709 689 870 731; x_wconf 83' lang='lat' dir='ltr'>habere</span> <span class='ocrx_word' id='word_1_82' title='bbox 910 690 952 728; x_wconf 90' lang='lat' dir='ltr'>in</span> <span class='ocrx_word' id='word_1_83' title='bbox 994 688 1133 741; x_wconf 88' lang='lat' dir='ltr'>speris</span> <span class='ocrx_word' id='word_1_84' title='bbox 1173 687 1272 738; x_wconf 88' lang='lat' dir='ltr'>suis,</span> <span class='ocrx_word' id='word_1_85' title='bbox 1308 702 1394 741; x_wconf 90' lang='lat' dir='ltr'>que</span> <span class='ocrx_word' id='word_1_86' title='bbox 1436 686 1578 727; x_wconf 91' lang='lat' dir='ltr'>solum</span> <span class='ocrx_word' id='word_1_87' title='bbox 1620 684 1785 726; x_wconf 83' lang='lat' dir='ltr'>habent</span> 
     </span>
     <span class='ocr_line' id='line_1_14' title="bbox 248 754 1870 810; baseline -0.006 -7"><span class='ocrx_word' id='word_1_88' title='bbox 248 763 461 804; x_wconf 82' lang='lat' dir='ltr'>unitatem</span> <span class='ocrx_word' id='word_1_89' title='bbox 497 761 580 802; x_wconf 88' lang='lat' dir='ltr'>loci</span> <span class='ocrx_word' id='word_1_90' title='bbox 618 766 662 801; x_wconf 92' lang='lat' dir='ltr'>et</span> <span class='ocrx_word' id='word_1_91' title='bbox 698 771 846 799; x_wconf 82' lang='lat' dir='ltr'>veram</span> <span class='ocrx_word' id='word_1_92' title='bbox 884 758 1097 798; x_wconf 78' lang='lat' dir='ltr'>unitatem</span> <span class='ocrx_word' id='word_1_93' title='bbox 1135 769 1212 810; x_wconf 91' lang='lat' dir='ltr'>per</span> <span class='ocrx_word' id='word_1_94' title='bbox 1245 769 1379 796; x_wconf 82' lang='lat' dir='ltr'>unam</span> <span class='ocrx_word' id='word_1_95' title='bbox 1416 754 1705 808; x_wconf 88' lang='lat' dir='ltr'>superficiem,</span> <span class='ocrx_word' id='word_1_96' title='bbox 1742 760 1786 794; x_wconf 91' lang='lat' dir='ltr'>et</span> <span class='ocrx_word' id='word_1_97' title='bbox 1868 805 1870 807; x_wconf 66' lang='lat'>‚</span> 
     </span>
     <span class='ocr_line' id='line_1_15' title="bbox 248 822 1843 880; baseline -0.004 -8"><span class='ocrx_word' id='word_1_98' title='bbox 248 844 383 872; x_wconf 90' lang='lat' dir='ltr'>unum</span> <span class='ocrx_word' id='word_1_99' title='bbox 425 836 468 871; x_wconf 89' lang='lat' dir='ltr'>et</span> <span class='ocrx_word' id='word_1_100' title='bbox 509 829 698 870; x_wconf 87' lang='lat' dir='ltr'>eundem</span> <span class='ocrx_word' id='word_1_101' title='bbox 748 832 992 880; x_wconf 90' lang='lat' dir='ltr'>respectum</span> <span class='ocrx_word' id='word_1_102' title='bbox 1035 826 1090 866; x_wconf 86' lang='lat' dir='ltr'>ad</span> <span class='ocrx_word' id='word_1_103' title='bbox 1131 824 1343 865; x_wconf 90' lang='lat' dir='ltr'>terminos</span> <span class='ocrx_word' id='word_1_104' title='bbox 1392 824 1555 873; x_wconf 88' lang='lat' dir='ltr'>mundi,</span> <span class='ocrx_word' id='word_1_105' title='bbox 1598 829 1642 864; x_wconf 90' lang='lat' dir='ltr'>et</span> <span class='ocrx_word' id='word_1_106' title='bbox 1684 822 1843 865; x_wconf 77' lang='lat' dir='ltr'>ideom</span> 
     </span>
     <span class='ocr_line' id='line_1_16' title="bbox 249 893 1760 952; baseline -0.005 -12"><span class='ocrx_word' id='word_1_107' title='bbox 249 901 389 941; x_wconf 79' lang='lat' dir='ltr'>unitas</span> <span class='ocrx_word' id='word_1_108' title='bbox 422 904 642 952; x_wconf 87' lang='lat' dir='ltr'>respectus</span> <span class='ocrx_word' id='word_1_109' title='bbox 672 896 765 938; x_wconf 80' lang='lat' dir='ltr'>sola</span> <span class='ocrx_word' id='word_1_110' title='bbox 798 909 886 936; x_wconf 89' lang='lat' dir='ltr'>non</span> <span class='ocrx_word' id='word_1_111' title='bbox 919 895 1020 936; x_wconf 86' lang='lat' dir='ltr'>facit</span> <span class='ocrx_word' id='word_1_112' title='bbox 1051 895 1211 944; x_wconf 90' lang='lat' dir='ltr'>locum,</span> <span class='ocrx_word' id='word_1_113' title='bbox 1243 893 1322 933; x_wconf 87' lang='lat' dir='ltr'>nisi</span> <span class='ocrx_word' id='word_1_114' title='bbox 1354 893 1577 946; x_wconf 90' lang='lat' dir='ltr'>equivoce.</span> <span class='ocrx_word' id='word_1_115' title='bbox 1757 902 1760 903; x_wconf 71' lang='grc'>’</span> 
     </span>
     <span class='ocr_line' id='line_1_17' title="bbox 309 961 1788 1017; baseline -0.006 -9"><span class='ocrx_word' id='word_1_116' title='bbox 309 967 532 1017; x_wconf 83' lang='lat' dir='ltr'>Similiter,</span> <span class='ocrx_word' id='word_1_117' title='bbox 556 967 589 1007; x_wconf 90' lang='lat' dir='ltr'>si</span> <span class='ocrx_word' id='word_1_118' title='bbox 621 965 837 1007; x_wconf 84' lang='lat' dir='ltr'>obiciatur</span> <span class='ocrx_word' id='word_1_119' title='bbox 866 963 985 1017; x_wconf 90' lang='lat' dir='ltr'>quod</span> <span class='ocrx_word' id='word_1_120' title='bbox 1016 963 1145 1004; x_wconf 88' lang='lat' dir='ltr'>turris</span> <span class='ocrx_word' id='word_1_121' title='bbox 1176 962 1267 1002; x_wconf 74' lang='lat' dir='ltr'>fixa</span> <span class='ocrx_word' id='word_1_122' title='bbox 1298 962 1432 1002; x_wconf 84' lang='lat' dir='ltr'>habet</span> <span class='ocrx_word' id='word_1_123' title='bbox 1464 975 1598 1003; x_wconf 89' lang='lat' dir='ltr'>unum</span> <span class='ocrx_word' id='word_1_124' title='bbox 1628 961 1788 1010; x_wconf 87' lang='lat' dir='ltr'>locum,</span> 
     </span>
     <span class='ocr_line' id='line_1_18' title="bbox 251 1031 1785 1086; baseline -0.005 -8"><span class='ocrx_word' id='word_1_125' title='bbox 251 1045 293 1078; x_wconf 88' lang='lat' dir='ltr'>ct</span> <span class='ocrx_word' id='word_1_126' title='bbox 327 1046 477 1078; x_wconf 75' lang='lat' dir='ltr'>tamen</span> <span class='ocrx_word' id='word_1_127' title='bbox 511 1035 804 1077; x_wconf 82' lang='lat' dir='ltr'>circumdatur</span> <span class='ocrx_word' id='word_1_128' title='bbox 834 1032 1106 1086; x_wconf 81' lang='lat' dir='ltr'>temporibus</span> <span class='ocrx_word' id='word_1_129' title='bbox 1142 1031 1325 1073; x_wconf 86' lang='lat' dir='ltr'>diversis</span> <span class='ocrx_word' id='word_1_130' title='bbox 1361 1046 1386 1072; x_wconf 82' lang='lat' dir='ltr'>a</span> <span class='ocrx_word' id='word_1_131' title='bbox 1422 1031 1603 1072; x_wconf 89' lang='lat' dir='ltr'>diversis</span> <span class='ocrx_word' id='word_1_132' title='bbox 1636 1043 1785 1083; x_wconf 90' lang='lat' dir='ltr'>super-</span> 
     </span>
     <span class='ocr_line' id='line_1_19' title="bbox 251 1100 1786 1159; baseline -0.005 -13"><span class='ocrx_word' id='word_1_133' title='bbox 251 1106 428 1147; x_wconf 82' lang='lat' dir='ltr'>ficiebus</span> <span class='ocrx_word' id='word_1_134' title='bbox 474 1105 668 1159; x_wconf 86' lang='lat' dir='ltr'>parcium</span> <span class='ocrx_word' id='word_1_135' title='bbox 710 1103 832 1151; x_wconf 81' lang='lat' dir='ltr'>aeris,</span> <span class='ocrx_word' id='word_1_136' title='bbox 873 1102 1027 1142; x_wconf 81' lang='lat' dir='ltr'>eadem</span> <span class='ocrx_word' id='word_1_137' title='bbox 1072 1107 1138 1142; x_wconf 89' lang='lat' dir='ltr'>est</span> <span class='ocrx_word' id='word_1_138' title='bbox 1182 1100 1377 1150; x_wconf 88' lang='lat' dir='ltr'>solucio;</span> <span class='ocrx_word' id='word_1_139' title='bbox 1429 1100 1530 1152; x_wconf 80' lang='lat' dir='ltr'>quia</span> <span class='ocrx_word' id='word_1_140' title='bbox 1572 1105 1786 1152; x_wconf 83' lang='lat' dir='ltr'>quantum</span> 
     </span>
     <span class='ocr_line' id='line_1_20' title="bbox 250 1151 1876 1226; baseline -0.005 -10"><span class='ocrx_word' id='word_1_141' title='bbox 250 1182 314 1216; x_wconf 94' lang='lat' dir='ltr'>est</span> <span class='ocrx_word' id='word_1_142' title='bbox 347 1176 400 1215; x_wconf 93' lang='lat' dir='ltr'>de</span> <span class='ocrx_word' id='word_1_143' title='bbox 433 1175 604 1215; x_wconf 80' lang='lat' dir='ltr'>racione</span> <span class='ocrx_word' id='word_1_144' title='bbox 635 1171 908 1226; x_wconf 79' lang='lat' dir='ltr'>quantitatiS,</span> <span class='ocrx_word' id='word_1_145' title='bbox 939 1170 1059 1211; x_wconf 90' lang='lat' dir='ltr'>locus</span> <span class='ocrx_word' id='word_1_146' title='bbox 1091 1176 1156 1210; x_wconf 88' lang='lat' dir='ltr'>est</span> <span class='ocrx_word' id='word_1_147' title='bbox 1187 1169 1393 1218; x_wconf 89' lang='lat' dir='ltr'>diversus,</span> <span class='ocrx_word' id='word_1_148' title='bbox 1426 1176 1491 1209; x_wconf 93' lang='lat' dir='ltr'>set</span> <span class='ocrx_word' id='word_1_149' title='bbox 1522 1169 1626 1222; x_wconf 80' lang='lat' dir='ltr'>quia</span> <span class='ocrx_word' id='word_1_150' title='bbox 1657 1167 1788 1208; x_wconf 88' lang='lat' dir='ltr'>turris</span> <span class='ocrx_word' id='word_1_151' title='bbox 1809 1185 1843 1217; x_wconf 84' lang='lat'>¹5</span> <span class='ocrx_word' id='word_1_152' title='bbox 1868 1151 1876 1201; x_wconf 41' lang='lat' dir='ltr'><em>s</em></span> 
     </span>
     <span class='ocr_line' id='line_1_21' title="bbox 249 1237 1788 1293; baseline -0.006 -8"><span class='ocrx_word' id='word_1_153' title='bbox 249 1244 380 1285; x_wconf 81' lang='lat' dir='ltr'>habet</span> <span class='ocrx_word' id='word_1_154' title='bbox 412 1244 545 1284; x_wconf 88' lang='lat' dir='ltr'>situm</span> <span class='ocrx_word' id='word_1_155' title='bbox 576 1241 762 1282; x_wconf 89' lang='lat' dir='ltr'>eundem</span> <span class='ocrx_word' id='word_1_156' title='bbox 790 1246 988 1293; x_wconf 87' lang='lat' dir='ltr'>respectu</span> <span class='ocrx_word' id='word_1_157' title='bbox 1025 1239 1220 1292; x_wconf 83' lang='lat' dir='ltr'>parcium</span> <span class='ocrx_word' id='word_1_158' title='bbox 1251 1239 1414 1290; x_wconf 87' lang='lat' dir='ltr'>mundi,</span> <span class='ocrx_word' id='word_1_159' title='bbox 1441 1238 1599 1279; x_wconf 90' lang='lat' dir='ltr'>dicitur</span> <span class='ocrx_word' id='word_1_160' title='bbox 1625 1237 1788 1277; x_wconf 84' lang='lat' dir='ltr'>habere</span> 
     </span>
     <span class='ocr_line' id='line_1_22' title="bbox 251 1305 1786 1359; baseline -0.007 -5"><span class='ocrx_word' id='word_1_161' title='bbox 251 1314 438 1354; x_wconf 91' lang='lat' dir='ltr'>eundem</span> <span class='ocrx_word' id='word_1_162' title='bbox 472 1312 642 1352; x_wconf 91' lang='lat' dir='ltr'>locum:</span> <span class='ocrx_word' id='word_1_163' title='bbox 689 1317 755 1351; x_wconf 90' lang='lat' dir='ltr'>set</span> <span class='ocrx_word' id='word_1_164' title='bbox 787 1309 847 1350; x_wconf 90' lang='lat' dir='ltr'>sic</span> <span class='ocrx_word' id='word_1_165' title='bbox 883 1309 1072 1349; x_wconf 82' lang='lat' dir='ltr'>sumitur</span> <span class='ocrx_word' id='word_1_166' title='bbox 1108 1307 1228 1349; x_wconf 92' lang='lat' dir='ltr'>locus</span> <span class='ocrx_word' id='word_1_167' title='bbox 1264 1307 1401 1355; x_wconf 79' lang='lat' dir='ltr'>aliter,</span> <span class='ocrx_word' id='word_1_168' title='bbox 1435 1314 1477 1347; x_wconf 91' lang='lat' dir='ltr'>et</span> <span class='ocrx_word' id='word_1_169' title='bbox 1510 1306 1633 1359; x_wconf 79' lang='lat' dir='ltr'>quasi</span> <span class='ocrx_word' id='word_1_170' title='bbox 1667 1305 1786 1358; x_wconf 70' lang='lat' dir='ltr'>equi«</span> 
     </span>
     <span class='ocr_line' id='line_1_23' title="bbox 252 1373 1788 1429; baseline -0.006 -7"><span class='ocrx_word' id='word_1_171' title='bbox 252 1395 370 1422; x_wconf 76' lang='lat' dir='ltr'>voce.</span> <span class='ocrx_word' id='word_1_172' title='bbox 436 1380 482 1421; x_wconf 84' lang='lat' dir='ltr'>Si</span> <span class='ocrx_word' id='word_1_173' title='bbox 513 1380 682 1420; x_wconf 79' lang='lat' dir='ltr'>dicatur</span> <span class='ocrx_word' id='word_1_174' title='bbox 704 1378 860 1427; x_wconf 81' lang='lat' dir='ltr'>adhuc,</span> <span class='ocrx_word' id='word_1_175' title='bbox 883 1377 1002 1429; x_wconf 86' lang='lat' dir='ltr'>quod</span> <span class='ocrx_word' id='word_1_176' title='bbox 1028 1377 1151 1418; x_wconf 88' lang='lat' dir='ltr'>locus</span> <span class='ocrx_word' id='word_1_177' title='bbox 1173 1383 1287 1417; x_wconf 86' lang='lat' dir='ltr'>terre</span> <span class='ocrx_word' id='word_1_178' title='bbox 1309 1381 1375 1416; x_wconf 91' lang='lat' dir='ltr'>est</span> <span class='ocrx_word' id='word_1_179' title='bbox 1402 1381 1599 1416; x_wconf 90' lang='lat' dir='ltr'>centrum</span> <span class='ocrx_word' id='word_1_180' title='bbox 1624 1373 1788 1421; x_wconf 86' lang='lat' dir='ltr'>mundi,</span> 
     </span>
     <span class='ocr_line' id='line_1_24' title="bbox 252 1443 1790 1498; baseline -0.007 -6"><span class='ocrx_word' id='word_1_181' title='bbox 252 1456 295 1492; x_wconf 90' lang='lat' dir='ltr'>et</span> <span class='ocrx_word' id='word_1_182' title='bbox 336 1455 533 1492; x_wconf 88' lang='lat' dir='ltr'>centrum</span> <span class='ocrx_word' id='word_1_183' title='bbox 577 1454 641 1488; x_wconf 86' lang='lat' dir='ltr'>est</span> <span class='ocrx_word' id='word_1_184' title='bbox 684 1445 948 1488; x_wconf 77' lang='lat' dir='ltr'>indivisibile</span> <span class='ocrx_word' id='word_1_185' title='bbox 994 1459 1079 1485; x_wconf 89' lang='lat' dir='ltr'>non</span> <span class='ocrx_word' id='word_1_186' title='bbox 1126 1444 1402 1498; x_wconf 87' lang='lat' dir='ltr'>superficies;</span> <span class='ocrx_word' id='word_1_187' title='bbox 1446 1443 1681 1485; x_wconf 89' lang='lat' dir='ltr'>dicendum</span> <span class='ocrx_word' id='word_1_188' title='bbox 1724 1448 1790 1483; x_wconf 89' lang='lat' dir='ltr'>est</span> 
     </span>
     <span class='ocr_line' id='line_1_25' title="bbox 253 1512 1847 1568; baseline -0.006 -8"><span class='ocrx_word' id='word_1_189' title='bbox 253 1519 492 1560; x_wconf 79' lang='lat' dir='ltr'>secundum</span> <span class='ocrx_word' id='word_1_190' title='bbox 514 1517 751 1568; x_wconf 87' lang='lat' dir='ltr'>Averroys,</span> <span class='ocrx_word' id='word_1_191' title='bbox 774 1516 834 1566; x_wconf 62' lang='lat'>4‘0</span> <span class='ocrx_word' id='word_1_192' title='bbox 861 1514 951 1556; x_wconf 83' lang='lat' dir='ltr'>Celz&#39;</span> <span class='ocrx_word' id='word_1_193' title='bbox 977 1521 1020 1554; x_wconf 79' lang='lat' dir='ltr'>et</span> <span class='ocrx_word' id='word_1_194' title='bbox 1050 1513 1227 1564; x_wconf 72' lang='lat' dir='ltr'>Mundi,</span> <span class='ocrx_word' id='word_1_195' title='bbox 1250 1514 1370 1566; x_wconf 84' lang='lat' dir='ltr'>quod</span> <span class='ocrx_word' id='word_1_196' title='bbox 1395 1512 1647 1567; x_wconf 87' lang='lat' dir='ltr'>superficies</span> <span class='ocrx_word' id='word_1_197' title='bbox 1678 1523 1791 1564; x_wconf 83' lang='lat' dir='ltr'>aque</span> <span class='ocrx_word' id='word_1_198' title='bbox 1812 1528 1847 1550; x_wconf 85' lang='lat'>20</span> 
     </span>
     <span class='ocr_line' id='line_1_26' title="bbox 255 1581 1790 1636; baseline -0.006 -8"><span class='ocrx_word' id='word_1_199' title='bbox 255 1593 319 1628; x_wconf 90' lang='lat' dir='ltr'>est</span> <span class='ocrx_word' id='word_1_200' title='bbox 356 1592 554 1628; x_wconf 81' lang='lat' dir='ltr'>centrum</span> <span class='ocrx_word' id='word_1_201' title='bbox 589 1585 754 1636; x_wconf 86' lang='lat' dir='ltr'>mundi,</span> <span class='ocrx_word' id='word_1_202' title='bbox 775 1585 830 1625; x_wconf 91' lang='lat' dir='ltr'>de</span> <span class='ocrx_word' id='word_1_203' title='bbox 862 1596 950 1636; x_wconf 89' lang='lat' dir='ltr'>quo</span> <span class='ocrx_word' id='word_1_204' title='bbox 982 1583 1140 1623; x_wconf 88' lang='lat' dir='ltr'>dicitur</span> <span class='ocrx_word' id='word_1_205' title='bbox 1171 1583 1290 1635; x_wconf 89' lang='lat' dir='ltr'>quod</span> <span class='ocrx_word' id='word_1_206' title='bbox 1319 1582 1374 1622; x_wconf 92' lang='lat' dir='ltr'>sit</span> <span class='ocrx_word' id='word_1_207' title='bbox 1401 1581 1519 1622; x_wconf 90' lang='lat' dir='ltr'>locus</span> <span class='ocrx_word' id='word_1_208' title='bbox 1541 1588 1667 1631; x_wconf 90' lang='lat' dir='ltr'>terre,</span> <span class='ocrx_word' id='word_1_209' title='bbox 1688 1593 1790 1620; x_wconf 81' lang='lat' dir='ltr'>nam</span> 
     </span>
     <span class='ocr_line' id='line_1_27' title="bbox 256 1650 1791 1707; baseline -0.005 -11"><span class='ocrx_word' id='word_1_210' title='bbox 256 1656 481 1704; x_wconf 70' lang='lat' dir='ltr'>distancia,</span> <span class='ocrx_word' id='word_1_211' title='bbox 505 1667 590 1707; x_wconf 87' lang='lat' dir='ltr'>que</span> <span class='ocrx_word' id='word_1_212' title='bbox 615 1660 681 1694; x_wconf 86' lang='grc' dir='ltr'>θεῖ</span> <span class='ocrx_word' id='word_1_213' title='bbox 710 1668 735 1694; x_wconf 81' lang='lat' dir='ltr'>a</span> <span class='ocrx_word' id='word_1_214' title='bbox 766 1658 931 1706; x_wconf 88' lang='lat' dir='ltr'>puncto</span> <span class='ocrx_word' id='word_1_215' title='bbox 958 1652 999 1691; x_wconf 91' lang='lat' dir='ltr'>in</span> <span class='ocrx_word' id='word_1_216' title='bbox 1030 1651 1176 1692; x_wconf 88' lang='lat' dir='ltr'>medio</span> <span class='ocrx_word' id='word_1_217' title='bbox 1208 1651 1359 1691; x_wconf 88' lang='lat' dir='ltr'>mundi</span> <span class='ocrx_word' id='word_1_218' title='bbox 1393 1663 1529 1703; x_wconf 88' lang='lat' dir='ltr'>usque</span> <span class='ocrx_word' id='word_1_219' title='bbox 1560 1650 1617 1691; x_wconf 85' lang='lat' dir='ltr'>ad</span> <span class='ocrx_word' id='word_1_220' title='bbox 1643 1662 1791 1703; x_wconf 86' lang='lat' dir='ltr'>super-</span> 
     </span>
     <span class='ocr_line' id='line_1_28' title="bbox 256 1717 1790 1776; baseline -0.005 -12"><span class='ocrx_word' id='word_1_221' title='bbox 256 1724 398 1764; x_wconf 87' lang='lat' dir='ltr'>ficiem</span> <span class='ocrx_word' id='word_1_222' title='bbox 441 1737 568 1776; x_wconf 81' lang='lat' dir='ltr'>aque,</span> <span class='ocrx_word' id='word_1_223' title='bbox 609 1721 726 1762; x_wconf 82' lang='lat' dir='ltr'>nulla</span> <span class='ocrx_word' id='word_1_224' title='bbox 772 1728 848 1768; x_wconf 84' lang='lat' dir='ltr'>est,</span> <span class='ocrx_word' id='word_1_225' title='bbox 893 1726 1089 1774; x_wconf 88' lang='lat' dir='ltr'>respectu</span> <span class='ocrx_word' id='word_1_226' title='bbox 1132 1719 1224 1768; x_wconf 85' lang='lat' dir='ltr'>celi,</span> <span class='ocrx_word' id='word_1_227' title='bbox 1255 1728 1298 1759; x_wconf 84' lang='lat' dir='ltr'>et</span> <span class='ocrx_word' id='word_1_228' title='bbox 1348 1720 1447 1760; x_wconf 91' lang='lat' dir='ltr'>ideo</span> <span class='ocrx_word' id='word_1_229' title='bbox 1495 1724 1637 1760; x_wconf 86' lang='lat' dir='ltr'>totum</span> <span class='ocrx_word' id='word_1_230' title='bbox 1685 1717 1790 1758; x_wconf 91' lang='lat' dir='ltr'>illud</span> 
     </span>
     <span class='ocr_line' id='line_1_29' title="bbox 258 1786 1880 1846; baseline -0.005 -12"><span class='ocrx_word' id='word_1_231' title='bbox 258 1793 454 1846; x_wconf 79' lang='lat' dir='ltr'>spacium</span> <span class='ocrx_word' id='word_1_232' title='bbox 488 1799 553 1833; x_wconf 90' lang='grc' dir='ltr'>θεῖ</span> <span class='ocrx_word' id='word_1_233' title='bbox 589 1791 713 1844; x_wconf 80' lang='lat' dir='ltr'>quasi</span> <span class='ocrx_word' id='word_1_234' title='bbox 745 1789 1014 1838; x_wconf 87' lang='lat' dir='ltr'>indivisibile,</span> <span class='ocrx_word' id='word_1_235' title='bbox 1048 1794 1244 1842; x_wconf 89' lang='lat' dir='ltr'>respectu</span> <span class='ocrx_word' id='word_1_236' title='bbox 1282 1787 1375 1838; x_wconf 89' lang='lat' dir='ltr'>celi,</span> <span class='ocrx_word' id='word_1_237' title='bbox 1408 1794 1452 1829; x_wconf 92' lang='lat' dir='ltr'>et</span> <span class='ocrx_word' id='word_1_238' title='bbox 1484 1793 1664 1840; x_wconf 87' lang='lat' dir='ltr'>propter</span> <span class='ocrx_word' id='word_1_239' title='bbox 1694 1786 1791 1835; x_wconf 89' lang='lat' dir='ltr'>hoc,</span> <span class='ocrx_word' id='word_1_240' title='bbox 1878 1831 1880 1837; x_wconf 42' lang='lat'>,</span> 
     </span>
     <span class='ocr_line' id='line_1_30' title="bbox 258 1842 1881 1914; baseline -0.003 -14"><span class='ocrx_word' id='word_1_241' title='bbox 258 1860 509 1914; x_wconf 72' lang='lat' dir='ltr'>superficies</span> <span class='ocrx_word' id='word_1_242' title='bbox 539 1873 653 1913; x_wconf 78' lang='lat' dir='ltr'>aque</span> <span class='ocrx_word' id='word_1_243' title='bbox 684 1864 923 1913; x_wconf 79' lang='lat' dir='ltr'>reputatur,</span> <span class='ocrx_word' id='word_1_244' title='bbox 955 1858 1196 1898; x_wconf 89' lang='lat' dir='ltr'>secundum</span> <span class='ocrx_word' id='word_1_245' title='bbox 1229 1857 1324 1906; x_wconf 90' lang='lat' dir='ltr'>hoc,</span> <span class='ocrx_word' id='word_1_246' title='bbox 1350 1870 1442 1897; x_wconf 88' lang='lat' dir='ltr'>esse</span> <span class='ocrx_word' id='word_1_247' title='bbox 1474 1857 1515 1896; x_wconf 91' lang='lat' dir='ltr'>in</span> <span class='ocrx_word' id='word_1_248' title='bbox 1548 1862 1697 1909; x_wconf 88' lang='lat' dir='ltr'>centro</span> <span class='ocrx_word' id='word_1_249' title='bbox 1730 1856 1792 1895; x_wconf 87' lang='lat' dir='ltr'>in·</span> <span class='ocrx_word' id='word_1_250' title='bbox 1812 1873 1848 1906; x_wconf 81' lang='lat'>25</span> <span class='ocrx_word' id='word_1_251' title='bbox 1877 1842 1881 1904; x_wconf 64' lang='grc'>1</span> 
     </span>
     <span class='ocr_line' id='line_1_31' title="bbox 259 1924 1881 1978; baseline -0.004 -9"><span class='ocrx_word' id='word_1_252' title='bbox 259 1928 479 1970; x_wconf 83' lang='lat' dir='ltr'>divisibili.</span> <span class='ocrx_word' id='word_1_253' title='bbox 542 1928 621 1969; x_wconf 83' lang='lat' dir='ltr'>Set</span> <span class='ocrx_word' id='word_1_254' title='bbox 658 1928 714 1968; x_wconf 89' lang='lat' dir='ltr'>de</span> <span class='ocrx_word' id='word_1_255' title='bbox 753 1927 851 1967; x_wconf 91' lang='lat' dir='ltr'>loco</span> <span class='ocrx_word' id='word_1_256' title='bbox 893 1933 1005 1967; x_wconf 90' lang='lat' dir='ltr'>terre</span> <span class='ocrx_word' id='word_1_257' title='bbox 1047 1931 1113 1966; x_wconf 88' lang='lat' dir='ltr'>est</span> <span class='ocrx_word' id='word_1_258' title='bbox 1154 1926 1353 1978; x_wconf 80' lang='lat' dir='ltr'>specialis</span> <span class='ocrx_word' id='word_1_259' title='bbox 1394 1925 1582 1978; x_wconf 89' lang='lat' dir='ltr'>quescio,</span> <span class='ocrx_word' id='word_1_260' title='bbox 1620 1937 1707 1977; x_wconf 91' lang='lat' dir='ltr'>que</span> <span class='ocrx_word' id='word_1_261' title='bbox 1749 1924 1792 1963; x_wconf 89' lang='lat' dir='ltr'>in</span> <span class='ocrx_word' id='word_1_262' title='bbox 1878 1924 1881 1964; x_wconf 68' lang='lat' dir='ltr'>i</span> 
     </span>
     <span class='ocr_line' id='line_1_32' title="bbox 260 1965 1882 2050; baseline -0.004 -11"><span class='ocrx_word' id='word_1_263' title='bbox 260 2004 448 2039; x_wconf 69' lang='lat' dir='ltr'>tractatu</span> <span class='ocrx_word' id='word_1_264' title='bbox 490 2003 644 2050; x_wconf 72' lang='lat' dir='ltr'>quarto</span> <span class='ocrx_word' id='word_1_265' title='bbox 685 1997 817 2037; x_wconf 90' lang='lat' dir='ltr'>debet</span> <span class='ocrx_word' id='word_1_266' title='bbox 858 1995 1093 2035; x_wconf 83' lang='lat' dir='ltr'>terminari.</span> <span class='ocrx_word' id='word_1_267' title='bbox 1170 1995 1299 2044; x_wconf 80' lang='lat' dir='ltr'>Nam,</span> <span class='ocrx_word' id='word_1_268' title='bbox 1342 1993 1377 2034; x_wconf 89' lang='lat' dir='ltr'>si</span> <span class='ocrx_word' id='word_1_269' title='bbox 1419 1994 1518 2047; x_wconf 90' lang='lat' dir='ltr'>quis</span> <span class='ocrx_word' id='word_1_270' title='bbox 1558 1993 1794 2034; x_wconf 79' lang='lat' dir='ltr'>contendat</span> <span class='ocrx_word' id='word_1_271' title='bbox 1878 1965 1882 2042; x_wconf 86' lang='grc'>1</span> 
     </span>
     <span class='ocr_line' id='line_1_33' title="bbox 262 2048 1882 2116; baseline -0.004 -9"><span class='ocrx_word' id='word_1_272' title='bbox 262 2068 404 2108; x_wconf 90' lang='lat' dir='ltr'>locum</span> <span class='ocrx_word' id='word_1_273' title='bbox 429 2073 544 2106; x_wconf 90' lang='lat' dir='ltr'>terre</span> <span class='ocrx_word' id='word_1_274' title='bbox 566 2066 724 2106; x_wconf 90' lang='lat' dir='ltr'>debere</span> <span class='ocrx_word' id='word_1_275' title='bbox 753 2071 951 2105; x_wconf 90' lang='lat' dir='ltr'>centrum</span> <span class='ocrx_word' id='word_1_276' title='bbox 982 2064 1065 2104; x_wconf 88' lang='lat' dir='ltr'>dici</span> <span class='ocrx_word' id='word_1_277' title='bbox 1095 2063 1368 2112; x_wconf 89' lang='lat' dir='ltr'>indivisibile,</span> <span class='ocrx_word' id='word_1_278' title='bbox 1391 2068 1495 2103; x_wconf 93' lang='lat' dir='ltr'>tunc</span> <span class='ocrx_word' id='word_1_279' title='bbox 1526 2061 1648 2103; x_wconf 89' lang='lat' dir='ltr'>locus</span> <span class='ocrx_word' id='word_1_280' title='bbox 1672 2058 1676 2116; x_wconf 92' lang='grc'>1</span> <span class='ocrx_word' id='word_1_281' title='bbox 1701 2060 1794 2113; x_wconf 88' lang='lat' dir='ltr'>ejus</span> <span class='ocrx_word' id='word_1_282' title='bbox 1878 2048 1882 2088; x_wconf 73' lang='lat'>¹¹</span> 
     </span>
     <span class='ocr_line' id='line_1_34' title="bbox 262 2091 1883 2188; baseline -0.004 -13"><span class='ocrx_word' id='word_1_283' title='bbox 262 2149 349 2177; x_wconf 85' lang='lat' dir='ltr'>non</span> <span class='ocrx_word' id='word_1_284' title='bbox 373 2142 437 2176; x_wconf 87' lang='lat' dir='ltr'>est</span> <span class='ocrx_word' id='word_1_285' title='bbox 458 2133 717 2188; x_wconf 83' lang='lat' dir='ltr'>superficies,</span> <span class='ocrx_word' id='word_1_286' title='bbox 741 2146 818 2174; x_wconf 90' lang='lat' dir='ltr'>nec</span> <span class='ocrx_word' id='word_1_287' title='bbox 841 2139 907 2174; x_wconf 90' lang='lat' dir='ltr'>est</span> <span class='ocrx_word' id='word_1_288' title='bbox 925 2133 1099 2186; x_wconf 86' lang='lat' dir='ltr'>proprie</span> <span class='ocrx_word' id='word_1_289' title='bbox 1116 2132 1237 2172; x_wconf 87' lang='lat' dir='ltr'>locus</span> <span class='ocrx_word' id='word_1_290' title='bbox 1255 2133 1310 2172; x_wconf 89' lang='lat' dir='ltr'>de</span> <span class='ocrx_word' id='word_1_291' title='bbox 1326 2146 1414 2185; x_wconf 87' lang='lat' dir='ltr'>quo</span> <span class='ocrx_word' id='word_1_292' title='bbox 1430 2144 1545 2172; x_wconf 89' lang='lat' dir='ltr'>nunc</span> <span class='ocrx_word' id='word_1_293' title='bbox 1562 2130 1792 2183; x_wconf 89' lang='lat' dir='ltr'>loquimur,</span> <span class='ocrx_word' id='word_1_294' title='bbox 1872 2091 1883 2185; x_wconf 93' lang='grc'>1</span> 
     </span>
     <span class='ocr_line' id='line_1_35' title="bbox 262 2199 1852 2256; baseline -0.004 -12"><span class='ocrx_word' id='word_1_295' title='bbox 262 2211 326 2245; x_wconf 88' lang='grc' dir='ltr'>εθῖ</span> <span class='ocrx_word' id='word_1_296' title='bbox 350 2204 569 2256; x_wconf 88' lang='lat' dir='ltr'>equivoce.</span> <span class='ocrx_word' id='word_1_297' title='bbox 624 2202 847 2251; x_wconf 84' lang='lat' dir='ltr'>Similiter,</span> <span class='ocrx_word' id='word_1_298' title='bbox 871 2202 1013 2243; x_wconf 90' lang='lat' dir='ltr'>celum</span> <span class='ocrx_word' id='word_1_299' title='bbox 1035 2201 1274 2242; x_wconf 87' lang='lat' dir='ltr'>secundum</span> <span class='ocrx_word' id='word_1_300' title='bbox 1296 2200 1527 2241; x_wconf 83' lang='lat' dir='ltr'>veritatem</span> <span class='ocrx_word' id='word_1_301' title='bbox 1552 2212 1639 2239; x_wconf 92' lang='lat' dir='ltr'>non</span> <span class='ocrx_word' id='word_1_302' title='bbox 1661 2199 1795 2240; x_wconf 85' lang='lat' dir='ltr'>habet</span> <span class='ocrx_word' id='word_1_303' title='bbox 1814 2217 1852 2249; x_wconf 79' lang='lat'>30</span> 
     </span>
     <span class='ocr_line' id='line_1_36' title="bbox 263 2268 1876 2325; baseline -0.004 -12"><span class='ocrx_word' id='word_1_304' title='bbox 263 2274 408 2314; x_wconf 89' lang='lat' dir='ltr'>locum</span> <span class='ocrx_word' id='word_1_305' title='bbox 446 2272 620 2325; x_wconf 89' lang='lat' dir='ltr'>proprie</span> <span class='ocrx_word' id='word_1_306' title='bbox 657 2272 838 2319; x_wconf 86' lang='lat' dir='ltr'>dictum,</span> <span class='ocrx_word' id='word_1_307' title='bbox 872 2271 975 2324; x_wconf 82' lang='lat' dir='ltr'>quia</span> <span class='ocrx_word' id='word_1_308' title='bbox 1010 2269 1139 2311; x_wconf 90' lang='lat' dir='ltr'>nichil</span> <span class='ocrx_word' id='word_1_309' title='bbox 1176 2269 1309 2309; x_wconf 81' lang='lat' dir='ltr'>habet</span> <span class='ocrx_word' id='word_1_310' title='bbox 1346 2268 1713 2317; x_wconf 88' lang='lat' dir='ltr'>circumscribens,</span> <span class='ocrx_word' id='word_1_311' title='bbox 1750 2273 1794 2308; x_wconf 85' lang='lat' dir='ltr'>et</span> <span class='ocrx_word' id='word_1_312' title='bbox 1874 2280 1876 2315; x_wconf 60' lang='grc'>1</span> 
     </span>
     <span class='ocr_line' id='line_1_37' title="bbox 265 2285 1884 2390; baseline -0.004 -8"><span class='ocrx_word' id='word_1_313' title='bbox 265 2342 377 2390; x_wconf 89' lang='lat' dir='ltr'>ideo,</span> <span class='ocrx_word' id='word_1_314' title='bbox 406 2342 440 2381; x_wconf 91' lang='lat' dir='ltr'>si</span> <span class='ocrx_word' id='word_1_315' title='bbox 464 2348 663 2382; x_wconf 87' lang='lat' dir='ltr'>centrum</span> <span class='ocrx_word' id='word_1_316' title='bbox 694 2341 856 2389; x_wconf 89' lang='lat' dir='ltr'>mundi,</span> <span class='ocrx_word' id='word_1_317' title='bbox 881 2339 1122 2380; x_wconf 90' lang='lat' dir='ltr'>secundum</span> <span class='ocrx_word' id='word_1_318' title='bbox 1145 2338 1372 2390; x_wconf 87' lang='lat' dir='ltr'>Averroys</span> <span class='ocrx_word' id='word_1_319' title='bbox 1399 2336 1468 2377; x_wconf 91' lang='lat' dir='ltr'>vel</span> <span class='ocrx_word' id='word_1_320' title='bbox 1492 2343 1712 2390; x_wconf 88' lang='lat' dir='ltr'>respectus</span> <span class='ocrx_word' id='word_1_321' title='bbox 1737 2336 1792 2376; x_wconf 85' lang='lat' dir='ltr'>ad</span> <span class='ocrx_word' id='word_1_322' title='bbox 1880 2285 1884 2386; x_wconf 90' lang='grc'>1</span> 
     </span>
     <span class='ocr_line' id='line_1_38' title="bbox 265 2387 1884 2461; baseline -0.005 -11"><span class='ocrx_word' id='word_1_323' title='bbox 265 2416 477 2459; x_wconf 85' lang='lat' dir='ltr'>centrum,</span> <span class='ocrx_word' id='word_1_324' title='bbox 503 2410 673 2450; x_wconf 86' lang='lat' dir='ltr'>dicatur</span> <span class='ocrx_word' id='word_1_325' title='bbox 695 2409 812 2449; x_wconf 88' lang='lat' dir='ltr'>locus</span> <span class='ocrx_word' id='word_1_326' title='bbox 840 2408 945 2461; x_wconf 85' lang='lat' dir='ltr'>ejus,</span> <span class='ocrx_word' id='word_1_327' title='bbox 969 2408 1050 2448; x_wconf 89' lang='lat' dir='ltr'>hoc</span> <span class='ocrx_word' id='word_1_328' title='bbox 1081 2414 1147 2448; x_wconf 89' lang='lat' dir='ltr'>est</span> <span class='ocrx_word' id='word_1_329' title='bbox 1177 2407 1398 2459; x_wconf 88' lang='lat' dir='ltr'>equivoce,</span> <span class='ocrx_word' id='word_1_330' title='bbox 1421 2410 1465 2445; x_wconf 94' lang='lat' dir='ltr'>et</span> <span class='ocrx_word' id='word_1_331' title='bbox 1485 2404 1614 2457; x_wconf 83' lang='lat' dir='ltr'>longe</span> <span class='ocrx_word' id='word_1_332' title='bbox 1636 2418 1662 2446; x_wconf 83' lang='lat' dir='ltr'>a</span> <span class='ocrx_word' id='word_1_333' title='bbox 1682 2405 1793 2445; x_wconf 86' lang='lat' dir='ltr'>veri-</span> <span class='ocrx_word' id='word_1_334' title='bbox 1870 2387 1884 2452; x_wconf 67' lang='grc'>11</span> 
     </span>
     <span class='ocr_line' id='line_1_39' title="bbox 265 2473 1745 2532; baseline -0.005 -12"><span class='ocrx_word' id='word_1_335' title='bbox 265 2485 370 2529; x_wconf 80' lang='lat' dir='ltr'>tate,</span> <span class='ocrx_word' id='word_1_336' title='bbox 393 2486 523 2532; x_wconf 84' lang='lat' dir='ltr'>prout</span> <span class='ocrx_word' id='word_1_337' title='bbox 545 2479 614 2519; x_wconf 90' lang='lat' dir='ltr'>hic</span> <span class='ocrx_word' id='word_1_338' title='bbox 636 2479 866 2531; x_wconf 87' lang='lat' dir='ltr'>loquimur,</span> <span class='ocrx_word' id='word_1_339' title='bbox 890 2484 956 2518; x_wconf 88' lang='lat' dir='ltr'>set</span> <span class='ocrx_word' id='word_1_340' title='bbox 978 2477 1033 2518; x_wconf 90' lang='lat' dir='ltr'>de</span> <span class='ocrx_word' id='word_1_341' title='bbox 1054 2477 1138 2518; x_wconf 92' lang='lat' dir='ltr'>hoc</span> <span class='ocrx_word' id='word_1_342' title='bbox 1159 2477 1329 2517; x_wconf 89' lang='lat' dir='ltr'>dicetur</span> <span class='ocrx_word' id='word_1_343' title='bbox 1350 2475 1392 2515; x_wconf 91' lang='lat' dir='ltr'>in</span> <span class='ocrx_word' id='word_1_344' title='bbox 1416 2473 1573 2514; x_wconf 89' lang='lat' dir='ltr'>Tercio</span> <span class='ocrx_word' id='word_1_345' title='bbox 1597 2473 1745 2514; x_wconf 89' lang='lat' dir='ltr'>Libro.</span> 
     </span>
     <span class='ocr_line' id='line_1_40' title="bbox 325 2541 1850 2601; baseline -0.005 -13"><span class='ocrx_word' id='word_1_346' title='bbox 325 2549 484 2589; x_wconf 85' lang='lat' dir='ltr'>Tercio</span> <span class='ocrx_word' id='word_1_347' title='bbox 507 2547 712 2601; x_wconf 87' lang='lat' dir='ltr'>queritur,</span> <span class='ocrx_word' id='word_1_348' title='bbox 736 2547 840 2599; x_wconf 86' lang='lat' dir='ltr'>quid</span> <span class='ocrx_word' id='word_1_349' title='bbox 865 2547 978 2586; x_wconf 82' lang='lat' dir='ltr'>ultra</span> <span class='ocrx_word' id='word_1_350' title='bbox 1000 2544 1269 2599; x_wconf 88' lang='lat' dir='ltr'>superficiem</span> <span class='ocrx_word' id='word_1_351' title='bbox 1294 2543 1523 2595; x_wconf 86' lang='lat' dir='ltr'>requiritur</span> <span class='ocrx_word' id='word_1_352' title='bbox 1543 2541 1546 2596; x_wconf 84' lang='grc'>1</span> <span class='ocrx_word' id='word_1_353' title='bbox 1567 2543 1621 2583; x_wconf 85' lang='lat' dir='ltr'>ad</span> <span class='ocrx_word' id='word_1_354' title='bbox 1636 2542 1793 2591; x_wconf 88' lang='lat' dir='ltr'>locum,</span> <span class='ocrx_word' id='word_1_355' title='bbox 1814 2558 1850 2590; x_wconf 80' lang='lat'>35</span> 
     </span>
     <span class='ocr_line' id='line_1_41' title="bbox 265 2617 648 2670; baseline -0.008 -13"><span class='ocrx_word' id='word_1_356' title='bbox 265 2618 438 2670; x_wconf 83' lang='lat' dir='ltr'>proprie</span> <span class='ocrx_word' id='word_1_357' title='bbox 471 2617 648 2658; x_wconf 86' lang='lat' dir='ltr'>dictum.</span> 
     </span>
    </p>
   </div>
   <div class='ocr_carea' id='block_1_7' title="bbox 263 2717 1796 2804">
    <p class='ocr_par' dir='ltr' id='par_1_7' title="bbox 263 2717 1796 2804">
     <span class='ocr_line' id='line_1_42' title="bbox 312 2717 1796 2762; baseline -0.004 -9"><span class='ocrx_word' id='word_1_358' title='bbox 312 2733 391 2762; x_wconf 89' lang='lat'><em>7-11</em></span> <span class='ocrx_word' id='word_1_359' title='bbox 420 2723 480 2753; x_wconf 81' lang='lat' dir='ltr'>Set</span> <span class='ocrx_word' id='word_1_360' title='bbox 497 2723 545 2753; x_wconf 84' lang='lat' dir='ltr'>sic</span> <span class='ocrx_word' id='word_1_361' title='bbox 564 2747 570 2753; x_wconf 94' lang='lat'>.</span> <span class='ocrx_word' id='word_1_362' title='bbox 589 2746 596 2754; x_wconf 91' lang='lat'>.</span> <span class='ocrx_word' id='word_1_363' title='bbox 615 2746 622 2753; x_wconf 86' lang='lat'><strong>.</strong></span> <span class='ocrx_word' id='word_1_364' title='bbox 643 2722 805 2761; x_wconf 83' lang='lat' dir='ltr'>equivoce</span> <span class='ocrx_word' id='word_1_365' title='bbox 817 2732 882 2754; x_wconf 84' lang='lat' dir='ltr'>om.</span> <span class='ocrx_word' id='word_1_366' title='bbox 894 2721 959 2752; x_wconf 81' lang='lat' dir='ltr'>FD</span> <span class='ocrx_word' id='word_1_367' title='bbox 1053 2731 1090 2760; x_wconf 84' lang='lat'>13</span> <span class='ocrx_word' id='word_1_368' title='bbox 1107 2719 1367 2760; x_wconf 80' lang='lat' dir='ltr'>superficiebus]</span> <span class='ocrx_word' id='word_1_369' title='bbox 1380 2728 1482 2758; x_wconf 87' lang='lat' dir='ltr'>super</span> <span class='ocrx_word' id='word_1_370' title='bbox 1493 2718 1524 2748; x_wconf 86' lang='lat' dir='ltr'><em>F</em></span> <span class='ocrx_word' id='word_1_371' title='bbox 1609 2727 1652 2757; x_wconf 88' lang='lat'>30</span> <span class='ocrx_word' id='word_1_372' title='bbox 1669 2717 1796 2757; x_wconf 79' lang='lat' dir='ltr'>celum]</span> 
     </span>
     <span class='ocr_line' id='line_1_43' title="bbox 263 2774 471 2804; baseline -0.005 0"><span class='ocrx_word' id='word_1_373' title='bbox 263 2779 418 2804; x_wconf 83' lang='lat' dir='ltr'>centrum</span> <span class='ocrx_word' id='word_1_374' title='bbox 437 2774 471 2803; x_wconf 90' lang='lat' dir='ltr'><em>D</em></span> 
     </span>
    </p>
   </div>
   <div class='ocr_carea' id='block_1_8' title="bbox 1873 1492 1898 3126">
    <p class='ocr_par' dir='ltr' id='par_1_8' title="bbox 1873 1492 1898 3126">
     <span class='ocr_line' id='line_1_44' title="bbox 1873 1492 1898 3126; baseline 0 0"><span class='ocrx_word' id='word_1_375' title='bbox 1873 1492 1898 3126; x_wconf 95' lang='lat' dir='ltr'> </span> 
     </span>
    </p>
   </div>
  </div>
 </body>
</html>
