1898 3126
100 676 225 706 Soal.

981 78 1061 128 276

248 191 487 231 secundum
513 190 802 230 Aristotelem
835 196 879 230 et
901 188 1176 229 Avicennam
1201 190 1241 229 in
1266 189 1385 229 libris
1407 188 1474 228 De
1498 189 1790 239 Animalibus,

247 259 383 299 tercia
414 258 550 298 virtus
581 264 787 311 operatur
817 271 916 310 que,
946 255 1124 308 scilicet,
1157 264 1223 298 est
1257 257 1521 310 generativa,
1553 263 1596 298 et
1632 258 1788 311 accipit

250 326 467 367 residuum
509 326 707 366 alimenti
750 331 792 366 et
830 325 1089 366 transmittit
1131 326 1185 365 ad
1228 324 1373 366 locum
1407 325 1704 378 generacionis
1746 333 1788 365 et

248 395 453 445 decindit,
498 401 545 435 ut
587 393 662 435 fiat
705 393 977 434 individuum
1021 393 1162 433 simile
1206 395 1247 433 in
1294 394 1451 447 specie.
1515 393 1612 434 Hec
1652 394 1788 434 virtus

246 465 498 517 generativa
516 469 580 503 est
599 463 779 516 duplex,
797 476 881 503 una
905 470 970 503 est
994 462 1247 512 masculina,
1263 463 1346 503 alia
1363 462 1582 503 feminina.
1635 462 1788 502 Virtus
1809 480 1825 510 5

249 532 362 572 enim
393 531 598 572 feminina
630 533 706 572 dat
728 544 876 571 semen
911 532 1023 571 unde
1046 529 1093 571 fit
1126 543 1285 582 corpus
1307 531 1518 571 individui
1539 531 1788 583 generandi,

249 602 383 642 virtus
408 615 510 642 vero
543 600 785 641 masculina
811 606 876 640 est
903 600 1077 649 motrix‚
1101 607 1144 640 et
1177 600 1319 652 primo
1349 606 1497 641 movet
1528 600 1584 640 ad
1616 599 1712 649 hoc,
1744 606 1790 640 ut

249 671 466 710 excitetur
514 670 649 709 virtus
695 667 904 709 feminina
952 669 1008 709 ad
1051 666 1326 722 decisilonem
1369 668 1560 717 seminis,
1599 668 1789 709 secundo

250 745 395 778 movet
427 745 469 778 et
501 743 766 777 transmutat
796 736 902 778 illud
933 750 1096 786 semen,
1125 744 1173 778 ut
1200 736 1464 777 Aristoteles
1495 743 1536 777 et
1564 736 1788 777 Avicenna

247 808 404 848 docent
438 806 588 847 multis
623 806 882 855 racionibus,
914 807 1152 847 secundum
1185 808 1302 858 quod
1336 812 1582 857 exponetur
1612 805 1788 858 quando
1812 826 1848 847 10

248 875 321 916 fiet
351 876 533 916 verbum
566 875 622 915 de
653 875 833 915 homine
865 875 1118 928 specialiter.
1182 875 1240 914 Et
1264 875 1361 914 ideo
1393 875 1474 914 hee
1502 875 1685 914 virtutes
1707 874 1789 913 due

248 951 347 985 sunt
365 944 604 985 necessarie
629 945 750 984 omni
770 944 997 998 generanti
1025 945 1264 984 secundum
1280 943 1665 996 propagacionem.
1730 942 1788 982 Et

248 1021 347 1054 sunt
370 1014 412 1053 in
429 1013 591 1066 plantis
614 1013 725 1054 sicut
748 1013 792 1052 in
815 1013 1093 1062 animalibus,
1117 1019 1163 1053 ut
1182 1012 1449 1053 Aristoteles
1463 1014 1592 1053 docet
1613 1012 1655 1051 in
1679 1011 1788 1052 libro

247 1082 313 1122 De
343 1082 533 1123 Planz'z's.
597 1081 676 1123 Set
708 1082 749 1121 in
782 1082 943 1135 plantis
975 1089 1075 1122 sunt
1108 1082 1234 1122 simul
1268 1082 1308 1121 in
1352 1082 1507 1122 eodem
1550 1081 1789 1132 individuo,

246 1152 349 1203 quia
379 1151 530 1204 planta
560 1158 625 1192 est
651 1150 786 1191 affixa
815 1158 941 1199 terre,
963 1157 1006 1191 et
1038 1164 1123 1191 non
1156 1158 1338 1203 possunt
1360 1151 1509 1204 plante
1541 1150 1786 1191 adinvicem
1812 1169 1846 1199 15

247 1220 487 1261 convenire.
554 1220 603 1259 In
636 1220 898 1261 animalibus
930 1233 1033 1260 vero
1054 1226 1154 1260 sunt
1177 1220 1365 1273 separati
1389 1232 1534 1268 sexus,
1562 1219 1666 1270 quia
1687 1231 1786 1270 pos—

246 1295 346 1328 sunt
368 1302 413 1329 se
434 1288 628 1329 localiter
650 1289 928 1342 conjungere.
993 1289 1051 1329 Et
1082 1289 1245 1341 aliquid
1275 1295 1340 1328 est
1373 1300 1605 1329 commune
1634 1287 1787 1327 semini

246 1364 291 1399 et
313 1358 506 1398 animato
528 1359 790 1411 generando,
813 1364 855 1398 et
879 1358 984 1398 illud
1018 1364 1084 1398 est
1116 1371 1276 1410 corpus
1307 1358 1497 1398 mixtum
1521 1357 1563 1396 in
1586 1357 1788 1410 potencia

248 1426 305 1465 ad
324 1432 567 1478 utrumque,
585 1433 628 1466 et
650 1426 730 1466 hec
752 1433 815 1466 est
840 1426 1021 1467 materia
1043 1426 1284 1467 communis
1300 1426 1485 1478 utrique.
1530 1425 1589 1466 Et
1609 1426 1787 1478 quando

248 1508 381 1547 agens
397 1495 618 1535 invalescit
638 1501 792 1547 potens
810 1496 1051 1536 animatum
1067 1495 1564 1548 produce1·e,c0rrumpit
1586 1500 1785 1534 naturam
1809 1511 1847 1532 20

248 1562 497 1614 specificam
539 1563 717 1603 seminis
759 1571 801 1604 et
839 1564 985 1604 educit
1022 1565 1263 1604 animatum
1300 1577 1454 1616 corpus
1487 1564 1542 1603 de
1584 1563 1786 1615 potencia

250 1631 364 1671 illius
387 1632 566 1672 materie
586 1633 842 1672 communis.
909 1632 1132 1673 Generans
1153 1646 1254 1672 vero
1283 1632 1544 1685 particulare
1566 1637 1608 1671 et
1638 1631 1785 1683 proxi-

250 1713 368 1739 mum
411 1707 475 1741 est
517 1700 660 1740 anima
702 1701 986 1753 propagantis
1028 1708 1072 1742 et
1113 1701 1348 1741 dividentis
1396 1713 1556 1749 semen,
1599 1707 1642 1740 et
1694 1700 1787 1752 ejus

250 1769 587 1808 instrumentum
609 1775 673 1809 est
696 1782 843 1809 semen
875 1769 1053 1810 masculi
1076 1770 1195 1821 quod
1220 1775 1418 1822 penetrat
1440 1774 1585 1821 partes
1609 1768 1786 1807 seminis

250 1837 408 1877 femine
431 1851 509 1891 per
530 1838 736 1878 virtutem
767 1839 912 1879 anime
938 1839 1071 1891 ipsius
1101 1838 1395 1891 propagantis.
1462 1837 1521 1878 Et
1549 1837 1685 1877 virtus
1707 1835 1786 1877 celi
1810 1853 1846 1884 ²5

249 1913 313 1946 est
349 1919 483 1960 agens
518 1907 757 1947 universale
794 1913 836 1947 et
871 1914 1127 1960 cooperatur
1163 1907 1317 1955 anime,
1355 1912 1398 1946 et
1429 1905 1577 1958 dirigit
1613 1918 1710 1946 eam
1743 1910 1787 1944 ct

248 1988 398 2015 semen
447 1975 577 2015 maris
624 1989 853 2028 usquequo
894 1975 1142 2027 perficiatur
1183 1973 1422 2028 generacio.
1487 1974 1546 2014 Et
1587 1973 1665 2013 hec
1703 1973 1785 2013 tria

247 2045 426 2097 agencia
476 2050 763 2096 corrumpunt
805 2043 1033 2084 materiam
1084 2043 1332 2097 specificam
1385 2043 1562 2082 seminis
1612 2042 1784 2084 feminei

249 2125 386 2164 usque
423 2112 476 2151 ad
514 2113 744 2152 materiam
780 2125 1059 2153 communem
1096 2112 1149 2151 de
1187 2125 1273 2164 qua
1308 2112 1497 2151 educunt
1531 2111 1785 2151 animatum.

250 2181 309 2221 Et
341 2180 443 2232 quia
475 2181 622 2220 anima
655 2181 942 2234 propagantis
980 2187 1045 2221 est
1090 2193 1223 2234 agens
1258 2179 1529 2233 particulare,
1562 2186 1606 2219 et
1651 2192 1786 2233 agens
1805 2194 1845 2224 30
1897 2232 1898 2237 1

249 2249 481 2288 univocum
515 2256 559 2290 et
591 2249 787 2301 ejusdem
820 2249 979 2302 speciei
1013 2263 1110 2290 cum
1143 2256 1362 2302 generato,
1395 2249 1493 2289 ideo
1515 2253 1662 2302 potest
1685 2261 1785 2301 pro-

248 2318 404 2357 ducere
418 2318 609 2357 animam
626 2317 931 2371 principaliter,
947 2324 989 2358 et
1008 2331 1094 2358 non
1111 2318 1245 2358 virtus
1265 2318 1342 2358 celi
1358 2331 1442 2369 que
1456 2323 1520 2358 est
1536 2317 1783 2363 inanimata,

247 2384 348 2436 quia
380 2398 509 2425 omne
540 2399 676 2438 agens
707 2392 771 2427 est
805 2385 994 2426 nobilius
1026 2393 1136 2436 acto,
1159 2392 1201 2425 et
1233 2385 1476 2426 animatum
1509 2390 1575 2424 est
1596 2384 1782 2425 nobilius

247 2466 334 2492 non
357 2454 562 2493 animato.

304 2522 380 2562 Ad
403 2522 485 2562 hoc
514 2524 651 2563 eciam
682 2524 934 2564 addendum
963 2531 1027 2564 est
1050 2525 1169 2576 quod
1202 2524 1344 2563 celum
1369 2536 1455 2564 non
1488 2528 1693 2576 operatur
1713 2523 1780 2563 hic
1802 2535 1840 2567 35

247 2590 324 2629 nisi
348 2604 423 2643 per
444 2604 568 2631 suum
593 2599 819 2639 motorem‚
845 2593 916 2644 qui
940 2598 1004 2632 est
1035 2591 1325 2644 intelligencia
1347 2605 1421 2632 seu
1440 2591 1632 2644 angelus,
1654 2596 1698 2631 et
1716 2595 1780 2630 est

293 2756 304 2774 1
334 2749 387 2776 De
405 2747 661 2788 Animalibus]
678 2749 742 2777 xvi.
765 2758 789 2779 1.
1026 2758 1063 2785 14
1089 2750 1143 2778 De
1160 2747 1324 2787 Plantis]
1344 2747 1363 2777 i.
1385 2757 1408 2778 1.
