1898 3126
96 1719 137 1748 ΒΟ
157 1721 176 1750 b
197 1728 223 1749 2.

978 136 1058 189 278

246 250 448 304 dirigitur
462 250 573 291 sicut
589 252 750 291 securis
766 264 842 303 per
863 250 1085 292 artificem.
1150 251 1208 291 Et
1225 251 1259 291 si
1281 257 1488 304 queratur
1504 265 1592 304 quo
1610 252 1787 292 devenit

245 319 353 359 illud
386 326 486 372 post
528 319 863 371 generacionem
897 320 1000 372 quia
1043 332 1100 360 ex
1133 319 1296 360 semine
1332 319 1520 361 femineo
1554 326 1787 373 generatur

249 387 427 440 planta;
460 387 693 429 dicendum
718 388 834 440 quod
860 388 975 429 cedit
999 387 1151 440 (quod
1179 387 1274 441 est>
1299 388 1396 429 loco
1418 389 1596 441 spiritus
1623 389 1667 428 in
1695 389 1786 428 ani-

250 456 362 506 mali,
384 463 427 496 et
451 456 492 495 in
515 456 694 508 aliquod
717 456 858 496 simile
879 456 1050 508 spiritui
1074 456 1115 496 in
1132 455 1307 508 plantis.
1369 455 1447 498 Set
1468 457 1552 497 hoc
1574 457 1785 510 explicari

247 537 332 564 non
349 530 493 577 potest
516 523 778 565 sufficienter
801 524 879 564 nisi
904 524 1080 576 cognita
1101 525 1384 577 generacione
1406 525 1618 568 animalis.
1804 540 1821 571 5

308 659 586 714 <Capitulum
611 666 677 713 3¹¹1.
739 660 790 699 de
801 660 1082 712 generacz'one
1102 660 1326 700 brutorum
1349 660 1648 713 animalimm)

307 752 376 792 De
406 751 544 791 brutis
573 750 833 791 animalibus
863 752 981 804 prius
1007 751 1240 792 dicendum
1271 757 1336 791 est
1359 764 1492 803 quam
1515 752 1571 792 de
1593 751 1782 803 homine,

246 826 290 860 et
323 819 479 872 loquor
509 820 563 859 de
595 819 881 872 generacione
902 819 1129 859 brutorum
1159 833 1237 872 per
1265 820 1659 873 propagacionem;
1691 833 1785 861 mas

246 894 393 928 autem
416 894 459 928 et
488 887 648 928 femina
681 888 978 940 distinguntur
1000 888 1042 927 in
1076 887 1136 928 eis
1164 888 1402 929 secundum
1427 887 1716 929 Aristotelem
1741 896 1783 929 et

247 956 524 997 Avicennam
568 957 609 996 in
661 956 779 997 libris
820 957 907 997 suis
948 956 1016 996 De
1056 956 1349 997 Animalibus.
1450 956 1549 998 Mas
1590 957 1784 998 decindit
1805 968 1843 991 10

246 1038 392 1065 semen
416 1031 458 1065 et
481 1025 649 1065 excitat
682 1024 890 1064 feminam
924 1025 979 1064 ad
1013 1025 1279 1066 decisionem
1310 1025 1499 1076 seminis,
1530 1031 1574 1065 et
1603 1025 1782 1066 nichilo-

247 1094 388 1134 minus
409 1106 557 1133 semen
580 1093 716 1146 patris
743 1100 808 1134 est
832 1099 976 1133 motor
998 1100 1041 1134 et
1064 1100 1139 1142 est,
1162 1100 1208 1133 ut
1240 1093 1346 1134 dicit
1374 1093 1650 1144 Aristoteles,
1670 1095 1783 1135 sicut

248 1163 361 1202 filius
391 1176 501 1202 unus
531 1163 745 1215 expulsus
776 1163 830 1202 de
860 1163 997 1202 domo
1030 1162 1166 1216 patris
1199 1175 1385 1215 querens
1417 1163 1499 1203 sibi
1521 1163 1717 1212 domum,
1739 1170 1783 1203 et

246 1231 357 1271 sicut
391 1244 546 1271 manus
578 1230 698 1283 figuli
733 1232 774 1270 in
808 1231 908 1278 olla,
941 1237 983 1271 et
1017 1236 1214 1283 penetrat
1247 1243 1395 1271 semen
1430 1230 1581 1272 matris
1614 1237 1657 1271 et
1680 1232 1782 1272 facit

247 1299 386 1351 primo
409 1312 492 1340 cor.
548 1299 733 1349 Deinde,
755 1299 990 1340 secundum
1007 1298 1295 1339 Aristotelem
1318 1306 1362 1340 et
1376 1298 1783 1349 Avicennam,facit
1805 1310 1840 1341 15

247 1367 460 1408 foramina
493 1368 535 1407 in
568 1369 697 1408 corde
730 1381 815 1420 que
844 1374 944 1408 sunt
977 1367 1122 1421 capita
1154 1381 1385 1408 nervorum
1420 1373 1462 1408 et
1490 1380 1708 1415 venarum,
1738 1374 1782 1408 et

248 1436 440 1488 perforat
463 1437 681 1477 residuum
712 1437 900 1485 seminis,
932 1436 1133 1476 faciendo
1155 1450 1287 1476 venas
1311 1443 1354 1478 et
1380 1450 1535 1478 nervos
1556 1450 1693 1489 usque
1725 1438 1779 1477 ad

248 1506 470 1545 cerebrum
495 1511 537 1544 et
560 1519 675 1558 epar.
739 1505 855 1544 Nam
879 1504 961 1544 hoc
984 1505 1172 1558 probant
1194 1504 1460 1545 Aristoteles
1489 1511 1532 1545 et
1554 1505 1782 1546 Avicenna

247 1573 287 1612 in
324 1574 411 1614 suis
447 1573 566 1613 libris
603 1573 876 1626 supradictis,
913 1573 1114 1625 quamvis
1147 1574 1302 1614 medici
1341 1574 1426 1613 sint
1468 1574 1529 1613 eis
1563 1573 1779 1621 contrarii,

248 1643 366 1694 quod
389 1643 506 1682 nervi
529 1642 726 1681 oriuntur
742 1656 765 1681 a
784 1642 962 1681 cerebro
985 1648 1027 1682 et
1043 1655 1152 1682 vene
1174 1643 1229 1682 ab
1246 1648 1385 1695 epate.
1450 1641 1527 1683 Set
1552 1641 1781 1682 Avicenna
1804 1653 1841 1674 20

248 1710 352 1751 dicit
374 1711 515 1764 primo
537 1710 666 1750 Arlz's
693 1708 696 1762 Ι
726 1709 941 1751 flffedicz'ne
962 1711 1079 1763 quod
1103 1711 1252 1763 opinio
1287 1711 1566 1758 medicorum,
1590 1710 1690 1750 licet
1725 1710 1779 1750 ad

246 1792 421 1819 sensum
455 1779 510 1819 sit
549 1779 827 1826 manifestior,
873 1785 1019 1819 tamen
1058 1780 1207 1831 opinio
1243 1778 1494 1831 Philosophi
1527 1779 1668 1819 verior
1701 1785 1779 1819 est.

246 1847 305 1888 Et
327 1861 425 1888 cum
453 1848 711 1900 perscrutati
741 1846 898 1887 fuerint
931 1848 1173 1895 veritatem,
1207 1847 1465 1887 invenerunt
1495 1853 1542 1887 ut
1568 1847 1639 1896 ait,
1669 1847 1780 1887 sicut

244 1916 349 1956 dicit
384 1916 685 1969 Philosophus.
752 1916 810 1956 Et
843 1916 942 1955 ideo
974 1915 1201 1956 Avicenna
1232 1916 1368 1956 tercio
1400 1915 1468 1956 De
1498 1915 1780 1956 Animalibus

245 1984 430 2025 multum
465 1984 682 2025 invehitur
714 1990 862 2025 contra
886 1983 1116 2024 Galienum
1142 1998 1220 2036 pro
1243 1984 1324 2024 hac
1346 1998 1403 2033 re,
1425 1990 1467 2024 et
1491 1984 1633 2036 arguit
1661 1983 1777 2037 quod
1801 1993 1837 2023 25

246 2052 318 2092 ubi
351 2058 416 2093 est
442 2054 563 2105 origo
588 2053 760 2093 virtutis
793 2053 948 2099 anime,
972 2052 1030 2092 ibi
1058 2052 1189 2093 debet
1220 2065 1314 2092 esse
1347 2053 1470 2106 origo
1501 2065 1705 2092 vasorum
1735 2058 1777 2092 et

243 2122 628 2161 instrumentorum
661 2122 818 2161 anime.
893 2120 970 2161 Set
1004 2121 1122 2161 nervi
1158 2126 1200 2161 et
1238 2134 1348 2160 vene
1389 2126 1488 2160 sunt
1524 2120 1776 2173 hujusmodi

244 2202 348 2229 vasa
377 2195 419 2229 et
442 2190 731 2230 instrumenta
753 2190 794 2229 in
817 2189 973 2242 quibus
995 2189 1143 2229 anima
1172 2194 1389 2242 operatur,
1414 2196 1457 2229 et
1481 2189 1580 2229 ideo
1603 2195 1777 2242 oportet

244 2258 363 2309 quod
386 2271 484 2298 cum
507 2259 623 2310 apud
647 2271 720 2298 cor
744 2259 800 2298 sit
828 2257 950 2309 origo
972 2257 1143 2298 virtutis
1167 2258 1323 2306 anime,
1345 2257 1462 2310 quod
1491 2257 1549 2297 ibi
1578 2257 1633 2297 sit
1655 2257 1777 2309 origo

243 2338 473 2365 nervorum
497 2331 539 2365 et
560 2338 780 2367 venarum.
847 2326 906 2366 Et
927 2325 1189 2366 Aristoteles
1212 2325 1397 2365 multum
1422 2324 1591 2365 laborat
1613 2326 1669 2365 ad
1693 2324 1776 2366 hoc
1797 2332 1837 2362 30

243 2393 576 2444 ostendendum,
599 2401 647 2434 ut
673 2400 796 2446 patet
823 2407 879 2434 ex
915 2397 987 2435 12⁰
1016 2393 1084 2432 De
1113 2392 1406 2433 Animalibus.
1468 2392 1614 2432 Primo
1646 2393 1776 2445 igitur

243 2460 291 2501 fit
323 2474 407 2510 cor,
437 2468 480 2501 et
503 2462 696 2502 secundo
719 2462 839 2501 nervi
870 2467 912 2501 et
933 2474 1053 2512 vene,
1076 2468 1119 2502 et
1150 2461 1306 2500 deinde
1332 2461 1555 2501 cerebrum
1579 2467 1621 2501 et
1644 2474 1771 2514 epar:

241 2529 301 2569 sic
333 2529 640 2582 principaliora
673 2529 870 2570 membra
904 2530 1018 2570 facta
1045 2535 1157 2578 sunt,
1181 2529 1340 2569 deinde
1372 2528 1456 2568 alia
1479 2541 1555 2582 per
1576 2529 1772 2569 ordinem

240 2598 380 2637 donec
412 2598 686 2650 compleatur
711 2598 949 2650 generacio.
1014 2596 1071 2637 Et
1093 2603 1210 2644 tunc,
1233 2596 1472 2636 secundum
1497 2596 1772 2637 Avicennam

284 2758 321 2777 21
348 2749 450 2778 Artis
467 2748 672 2788 Medicine]
693 2747 761 2777 Fen
782 2758 810 2785 1,
825 2747 923 2778 Doct.
937 2757 969 2786 5,
988 2756 1060 2785 cap.
1078 2756 1103 2776 Ι.
1242 2756 1282 2785 24
1308 2748 1363 2776 De
1381 2746 1636 2786 Animalibus]
1654 2746 1709 2777 lib.
1724 2745 1770 2777 iii.

240 2808 266 2828 c.
291 2809 303 2827 1
325 2808 395 2837 gpp.
416 2809 470 2837 31,
487 2809 538 2838 41,
560 2800 612 2830 ed.
635 2800 745 2838 1508).
882 2807 920 2836 31
949 2801 1001 2829 De
1017 2797 1270 2837 Animalibus]
1291 2797 1340 2827 De
1356 2796 1517 2827 Partshns
1534 2797 1578 2827 iii.
1598 2807 1629 2835 4.
