1877 3131
801 91 881 143 185

75 205 308 247 terminum
324 204 660 257 respondentem
676 205 861 245 termino
876 205 1071 257 parcium
1089 203 1295 256 corporis.
1354 204 1413 244 Et
1439 204 1603 244 adden-

75 274 178 315 dum
201 278 278 321 est,
301 272 420 325 quod
441 272 542 324 quia
570 271 692 312 locus
719 271 932 325 equaliter
960 271 1135 325 respicit
1165 271 1430 324 profundum
1465 272 1600 313 inter·

73 342 218 395 jacens
246 341 356 381 inter
385 347 531 393 partes
563 339 698 394 ipsius
726 340 807 381 loci
833 346 875 380 et
905 340 1099 390 locantis‚
1129 340 1247 392 quod
1279 340 1320 380 in
1350 340 1433 381 hoc
1464 341 1602 395 magis

76 409 339 451 assimilatur
379 408 498 449 locus
537 409 705 462 corpori
748 422 882 461 quam
923 408 1199 463 superficies3
1231 415 1273 449 et
1307 409 1418 458 ideo,
1464 410 1604 464 magis

41 499 57 531 5
77 477 335 520 assimilatur
368 477 576 518 terminus
608 477 802 529 parcium
835 478 926 530 ejus
959 477 1148 518 termino
1180 478 1374 530 parcium
1413 478 1606 531 corporis

78 560 208 601 quam
230 546 441 587 terminus
470 545 711 598 superficiei
740 546 950 587 absolute.
1016 546 1076 586 Et
1099 547 1197 587 ideo
1218 545 1319 587 licet
1342 545 1455 586 linea
1477 559 1605 587 curva

79 623 121 656 et
152 627 343 655 concava
373 614 460 655 sint
491 614 701 654 terminus
732 615 928 668 parcium
961 615 1056 665 loci,
1087 621 1131 655 et
1160 614 1409 668 superficies
1441 615 1606 656 habens

4 701 7 730 ι
79 697 157 737 pro
187 683 373 723 termino
405 696 484 723 suo
514 682 674 723 lineam
706 697 882 724 curvam
910 685 952 723 in
985 683 1165 724 circuitu
1197 697 1276 723 suo
1308 684 1365 724 sit
1397 684 1608 724 terminus

81 753 274 806 parcium
315 751 521 804 corporis,
559 757 707 792 tamen
751 752 824 792 illa
865 752 979 792 linea
1029 765 1231 802 concava,
1273 765 1357 804 que
1394 752 1603 802 >terminat

25 841 63 864 10
82 826 224 874 partes
261 819 345 860 loci
381 820 473 859 sine
504 819 729 872 superficie
761 821 957 872 meantis,
991 821 1225 874 respondet
1254 821 1607 861 circumferencie

81 901 277 930 convexe
294 887 536 941 superficiei
554 889 849 929 continuantis
864 896 1009 942 partes
1027 889 1221 942 corporis
1238 889 1380 939 locati,
1398 897 1609 941 tanquam

81 960 202 999 locus
242 957 503 997 conveniens
545 958 612 1004 ei3
653 964 694 997 et
737 958 837 998 ideo
878 958 1075 998 similiter
1116 965 1181 999 est
1223 959 1445 1009 terminus,
1473 957 1477 1013 Ι
1507 958 1607 1010 quia
1631 961 1752 1000 52b2-

82 1027 196 1068 linea
217 1038 405 1066 concava
427 1032 572 1078 partes
594 1025 676 1066 loci
693 1026 930 1067 terminans
952 1027 1192 1067 circumdat
1209 1026 1606 1068 circumferenciam

83 1094 377 1137 continuantis
400 1099 547 1146 partes
571 1095 774 1146 corporis,
797 1100 838 1134 et
867 1095 970 1146 quia
998 1096 1246 1136 concavitas
1270 1094 1399 1148 hujus
1422 1096 1542 1144 linee,
1568 1102 1610 1136 et

7 1184 64 1219 315
85 1163 338 1205 convexitas
374 1162 563 1210 alterius,
598 1175 686 1202 non
722 1162 883 1203 habent
923 1162 1185 1215 profundum
1224 1176 1302 1204 nec
1345 1164 1496 1214 latum,
1531 1177 1610 1204 nec

8 1223 10 1227 ’
85 1233 249 1274 distant
266 1243 344 1284 per
360 1229 524 1283 aliquid
545 1245 554 1280 3
576 1230 675 1271 ideo
694 1238 840 1283 partes
862 1232 944 1272 loci
962 1231 1221 1284 copulantur
1245 1246 1322 1284 per
1339 1233 1539 1274 accidens
1557 1234 1613 1273 ad

86 1299 481 1342 circumferenciam
504 1298 748 1351 superficiei
767 1300 1124 1340 conterminantis
1143 1306 1289 1353 partes
1311 1301 1505 1353 corporis
1530 1317 1538 1348 ;
1570 1307 1613 1340 et

89 1370 185 1410 ideo
217 1381 294 1421 per
325 1380 607 1419 consequens,
638 1368 693 1407 ad
726 1366 1001 1420 superficiem
1035 1368 1168 1418 illam,
1188 1367 1288 1409 licet
1322 1369 1507 1409 multum
1540 1383 1615 1422 per

88 1438 316 1484 accidens3
348 1442 391 1476 et
422 1435 521 1476 ideo
552 1436 818 1477 Aristoteles
847 1438 962 1484 dicit,
988 1438 1043 1477 ad
1078 1438 1264 1478 eundem
1297 1437 1528 1478 terminum
1561 1439 1616 1477 ad

12 1528 70 1565 x20
89 1521 218 1561 quern
248 1505 511 1559 copulantur
532 1519 609 1559 per
635 1518 692 1553 se,
724 1505 904 1555 scilicet,
937 1512 1084 1559 partes
1115 1507 1322 1559 corporis,
1355 1506 1616 1560 copulantur

89 1590 166 1631 per
196 1575 397 1616 accidens
429 1581 576 1627 partes
618 1574 714 1615 loci.
778 1575 838 1614 Et
880 1574 1088 1624 similiter,
1129 1575 1170 1615 in
1214 1575 1297 1615 hoc
1338 1581 1618 1616 aumentatur

90 1644 358 1699 ydemptitas
390 1643 687 1692 terminorum,
719 1644 838 1696 quod
869 1643 989 1684 locus
1024 1644 1157 1684 habet
1192 1650 1438 1697 respectum
1471 1657 1619 1684 essen·

90 1714 243 1755 cialem
276 1714 332 1753 ad
363 1712 630 1765 profundum
666 1713 938 1765 corp01·is,et
973 1713 1082 1762 ideo,
1114 1726 1190 1766 per
1216 1713 1329 1752 hunc
1361 1719 1619 1765 respectum,

92 1783 277 1824 multum
313 1781 579 1822 assimilatur
620 1782 805 1833 corpori,
841 1788 883 1821 et
921 1782 1019 1821 ideo
1056 1781 1269 1821 terminus
1301 1780 1393 1833 ejus
1431 1781 1620 1821 termino

15 1851 69 1900 l²5
91 1852 232 1901 illius;
270 1851 396 1896 unde,
429 1851 462 1890 si
499 1850 728 1902 loquamur
759 1851 815 1890 de
847 1850 1040 1902 partibus
1075 1849 1157 1889 loci
1190 1849 1362 1890 racione
1399 1856 1621 1902 respectus

93 1919 204 1969 talis,
241 1918 503 1972 copulantur
537 1919 869 1970 quodammodo
902 1918 956 1957 ad
1001 1917 1272 1971 superficiem
1310 1918 1619 1958 terminantem

94 1995 238 2043 partes
261 1987 452 2039 corporis
470 1986 683 2039 profundi,
708 1987 826 2038 quod
850 1986 969 2026 locus
993 1986 1286 2026 essencialiter
1304 1986 1490 2037 respicit.
1543 1983 1620 2025 Set

93 2062 245 2096 neutra
268 2057 448 2096 istarum
475 2055 878 2094 consideracionum
902 2060 967 2094 est
997 2055 1038 2093 in
1061 2053 1288 2107 superficie
1318 2053 1532 2103 absoluta>
1555 2061 1621 2093 set

94 2125 295 2165 absolute
336 2122 341 2177 Ι
382 2129 529 2176 partes
569 2123 662 2175 ejus
695 2122 956 2175 copulantur
996 2123 1051 2163 ad
1085 2122 1244 2162 lineam
1285 2122 1533 2163 absolutam
1578 2122 1620 2161 in
1643 2131 1844 2162 F.101b1.

38 2215 76 2245 30
97 2193 428 2246 comparacione
449 2192 504 2231 ad
527 2204 684 2243 corpus
706 2197 969 2231 contentum.
1034 2191 1129 2231 Hec
1154 2192 1285 2244 igitur
1311 2191 1502 2231 tenenda
1524 2198 1624 2230 sunt

96 2264 149 2304 de
170 2261 266 2301 loco
290 2261 529 2300 secundum
560 2272 687 2299 suum
711 2273 804 2300 esse
833 2260 1122 2312 potissimum,
1145 2266 1188 2299 et
1214 2272 1301 2299 non
1326 2259 1624 2300 universaliter

96 2330 315 2383 loquendo
339 2329 394 2368 de
427 2328 536 2377 loco,
558 2328 767 2380 quoniam
800 2327 921 2368 locus
954 2328 1139 2367 sumitur
1171 2328 1357 2368 multum
1388 2328 1623 2380 equivoce:

99 2413 183 2440 uno
207 2399 339 2439 modo
361 2404 405 2438 et
426 2398 657 2450 potissimo
681 2403 746 2437 est
769 2396 889 2437 locus
919 2395 1179 2448 superficies,
1202 2396 1269 2436 vel
1293 2396 1497 2436 ultimum
1520 2409 1624 2437 con-

95 2468 272 2509 tinentis
311 2466 476 2507 habens
519 2472 764 2519 respectum
798 2466 854 2505 ad
888 2464 1151 2517 profundum
1184 2464 1456 2517 interjacens,
1487 2471 1530 2506 et
1568 2465 1622 2505 ad

41 2553 78 2586 35
99 2537 305 2577 terminos
330 2537 480 2576 mundi
502 2551 510 2585 ;
542 2543 586 2576 et
608 2536 666 2576 sic
689 2541 754 2575 est
776 2548 875 2575 vere
898 2534 1018 2574 locus
1036 2533 1278 2574 secundum
1301 2546 1453 2573 omnes
1472 2534 1622 2575 condi-

99 2606 242 2646 ciones
264 2604 359 2652 loci,
381 2611 424 2644 et
447 2604 505 2644 sic
529 2605 583 2644 de
605 2618 656 2644 eo
681 2617 794 2644 nunc
822 2603 1155 2643 determinatum
1180 2608 1258 2643 est.
1341 2602 1400 2641 Et
1421 2603 1480 2642 sic
1503 2602 1625 2642 locus

145 2715 183 2737 10
205 2705 271 2736 loci
289 2716 353 2735 om.
373 2705 407 2734 D
543 2715 580 2735 12
603 2705 773 2745 similiter]
791 2715 894 2744 super
909 2704 943 2734 l)
1084 2713 1132 2743 13,
1156 2713 1193 2742 14
1220 2709 1332 2743 partes
1349 2727 1356 2735 .
1377 2727 1384 2735 .
1406 2727 1413 2735 .
1433 2703 1628 2735 concavitas

99 2768 163 2790 om.
180 2757 214 2787 D
345 2766 385 2795 27
410 2756 514 2797 quod]
533 2757 610 2796 quia
626 2757 660 2786 D
791 2766 833 2795 32
857 2755 1032 2796 quoniam]
1050 2755 1139 2794 quod
1158 2755 1191 2784 D

167 2836 280 2853 R.B.1¹1
843 2821 873 2851 O
