1898 3126
117 2248 226 2284 87:11

1008 95 1089 148 298

280 208 474 256 vertitur,
509 208 645 249 immo
686 215 807 249 tanta
849 214 914 248 est
956 209 1089 248 virtus
1130 209 1273 249 anime
1316 212 1433 262 quod
1477 211 1619 265 ipsum
1654 225 1811 265 corpus

280 278 518 317 animatum
549 277 825 318 nutriendum
853 278 1065 317 convertit
1090 292 1248 330 corpus
1271 280 1521 320 nutrimenti
1549 281 1590 320 in
1621 295 1667 321 se
1696 288 1740 320 et
1764 282 1811 321 fat

281 359 365 385 una
378 347 627 386 substancia
641 361 697 386 ex
714 347 788 394 eis,
802 353 843 385 et
860 359 935 397 per
949 359 1219 397 consequens
1235 360 1318 386 una
1334 348 1549 388 dimensio
1564 349 1810 401 corporalis.

280 414 340 454 Et
374 415 472 455 ideo
501 429 585 455 non
615 416 806 467 exigitur
828 428 1013 455 vacuum
1044 415 1084 454 in
1115 429 1203 467 quo
1225 415 1482 457 alimentum
1507 418 1712 470 recipitur
1734 432 1811 458 nec

279 490 377 523 sunt
400 484 487 523 duo
509 498 693 537 corpora
709 483 852 524 simul.
909 483 1056 523 Partes
1075 497 1179 524 vero
1196 486 1442 537 vegetative
1460 493 1560 526 sunt
1583 487 1808 538 digestiva,

278 552 518 604 expulsiva,
553 553 777 598 retentiva,
804 553 1048 602 attractiva,
1075 560 1121 592 ut
1152 553 1377 593 Avicenna
1408 555 1537 595 docet
1570 556 1713 607 primo
1741 555 1810 596 De

276 621 455 661 Anima.
489 621 690 673 Digestio
707 620 753 660 fit
773 634 846 672 per
860 620 1048 660 calidum
1066 628 1108 661 et
1123 621 1367 669 humidum,
1382 623 1583 675 expulsio
1600 637 1675 675 per
1691 622 1809 678 frigi-

276 690 381 728 dum
406 698 449 729 et
472 690 717 738 humidum,
735 689 943 729 attraccio
967 702 1043 742 per
1057 689 1248 730 calidum
1272 697 1314 730 et
1337 691 1510 739 siccum,
1526 693 1714 732 retencio
1732 706 1809 745 per

277 757 483 809 frigidum
504 766 547 799 et
563 759 735 803 siccum,
751 764 798 798 ut
821 758 983 798 ibidem
1002 758 1106 798 dicit
1121 757 1362 799 Avicenna.
1395 759 1597 811 Qualiter
1612 775 1713 801 vero
1732 761 1807 802 fiat

275 826 460 878 digestio
474 827 750 880 quadruplex
768 827 807 865 in
823 827 1093 876 animalibus,
1108 835 1150 867 et
1167 827 1207 866 in
1223 828 1381 880 quibus
1397 828 1512 877 locis,
1528 836 1569 869 et
1585 831 1808 881 quomodo

275 895 315 933 in
347 894 505 947 plantis
531 909 616 935 non
646 903 712 936 est
739 896 870 936 tercia
893 896 1079 949 digestio
1102 897 1338 936 secundum
1364 897 1649 938 Aristotelem
1676 904 1718 939 2⁰
1741 897 1808 937 De

275 965 577 1016 vegetabilibus
598 965 730 1005 alium
755 972 992 1005 tractatum
1026 965 1261 1015 desiderat,
1282 966 1393 1006 sicut
1426 967 1479 1006 de
1511 967 1734 1018 spiritibus
1763 974 1807 1008 et

274 1035 328 1073 de
368 1034 464 1073 aliis
505 1033 652 1074 multis
686 1047 761 1086 per
792 1033 962 1086 singula
997 1033 1188 1086 capitula
1221 1035 1367 1075 omnia
1399 1048 1484 1087 que
1516 1036 1624 1075 misi.
1686 1036 1804 1077 Nam

273 1102 479 1142 librorum
503 1103 791 1155 perfectorum
822 1103 1084 1156 composicio
1114 1103 1248 1143 habet
1282 1104 1359 1143 hec
1389 1105 1609 1157 expedire.
1672 1104 1805 1145 Facio

272 1178 418 1211 tamen
442 1172 574 1211 modo
597 1173 869 1211 mencionem
893 1172 950 1212 de
972 1172 1054 1212 hiis
1081 1173 1253 1212 duobus
1276 1173 1549 1225 dignioribus
1571 1180 1614 1214 et
1636 1174 1803 1226 specia-

271 1241 397 1290 libus,
429 1241 532 1293 quia
563 1254 661 1280 cum
689 1241 782 1294 jam
815 1241 943 1281 dictis
977 1241 1236 1290 coincidunt,
1269 1248 1312 1281 et
1346 1242 1603 1282 immensam
1642 1242 1802 1283 habent

270 1308 586 1357 difficultatem,
616 1321 659 1351 et
702 1311 1019 1350 contrariantur
1057 1311 1211 1350 medici
1247 1318 1290 1350 et
1327 1312 1558 1358 naturales,
1587 1318 1630 1352 et
1665 1312 1802 1353 multa

271 1379 377 1418 salsa
411 1379 653 1431 vulgantur.
719 1378 796 1420 Set
832 1379 1095 1431 elongantur
1127 1393 1153 1419 a
1191 1381 1301 1419 serie
1339 1381 1462 1420 istius
1497 1381 1800 1433 persuasionis.

270 1448 328 1487 Et
352 1461 482 1488 causa
505 1448 751 1500 principalis
773 1456 838 1488 cst
861 1448 963 1500 quia
986 1449 1144 1489 omitto
1167 1448 1245 1488 hec
1270 1456 1311 1488 et
1345 1449 1481 1489 multa
1502 1450 1605 1501 quia
1625 1456 1802 1503 tempus

267 1529 351 1555 non
391 1516 546 1556 habeo.
610 1517 727 1556 Nam
762 1517 803 1556 in
840 1516 934 1557 aliis
968 1517 1393 1557 consideracionibus
1426 1518 1535 1558 meis
1567 1518 1800 1559 certificavi

267 1586 323 1624 de
345 1585 437 1634 hiis,
460 1591 525 1625 set
555 1599 641 1626 non
671 1586 813 1626 habeo
836 1586 1093 1638 scripturam
1118 1587 1172 1626 ad
1196 1599 1384 1638 presens.
1448 1586 1508 1628 Et
1543 1587 1584 1627 in
1607 1594 1797 1629 tractatu

266 1653 527 1694 alkimistico
541 1668 673 1707 quem
695 1655 867 1695 divisim
883 1654 1106 1708 Johannes
1120 1655 1253 1695 habet
1268 1655 1324 1694 ab
1338 1655 1544 1708 operibus
1559 1663 1800 1709 tanguntur

265 1723 430 1763 radices
452 1723 562 1763 circa
585 1723 679 1765 ista.

328 1857 604 1911 <Capilnlmn
629 1865 696 1912 7¹¹².
756 1859 807 1899 de
818 1859 1023 1911 partibus
1044 1859 1296 1900 intellectz'vc
1319 1860 1537 1912 virtutis.)

325 1965 473 2006 Partes
506 1981 610 2007 vero
642 1967 886 2007 intellectus
919 1966 1178 2007 estimantur
1209 1980 1304 2006 esse
1342 1967 1513 2007 diverse
1545 1980 1622 2020 per
1652 1982 1796 2010 essen·
1841 1984 1857 2014 5

264 2035 374 2075 ciam
399 2043 440 2075 et
464 2036 545 2076 hoc
570 2036 719 2076 multis
739 2037 892 2087 modis,
907 2044 950 2076 et
974 2036 1043 2076 hic
1066 2043 1167 2076 sunt
1190 2036 1453 2076 crudeliores
1476 2049 1640 2077 errores
1662 2051 1795 2090 quam

263 2104 378 2144 alibi.
456 2105 571 2145 Nam
608 2106 787 2158 ponitur
820 2106 940 2158 quod
978 2118 1112 2158 agens
1150 2105 1204 2145 sit
1241 2118 1338 2157 pars
1376 2105 1538 2156 anime,
1575 2107 1693 2158 quod
1732 2116 1797 2150 est

263 2173 558 2225 improbatum
593 2175 634 2213 in
670 2179 712 2213 20
745 2181 868 2226 parte
894 2174 1048 2214 Primi
1077 2173 1238 2225 Operis,
1270 2173 1428 2213 deinde
1462 2174 1503 2212 in
1534 2174 1618 2214 hoc
1650 2175 1797 2217 Tereia

267 2241 397 2293 Opere
418 2242 650 2294 explanavi
680 2243 778 2292 hoc,
802 2249 844 2282 et
867 2243 974 2282 solvi
998 2242 1272 2295 objecciones
1300 2240 1306 2295 Ι
1333 2242 1612 2283 contrarium.
1673 2244 1796 2286 Dato

1830 499 1846 529 5

1829 846 1868 869 10

1823 1535 1862 1557 20

262 2323 364 2349 vero
386 2311 504 2362 quod
526 2311 667 2350 solum
691 2312 746 2351 sit
769 2311 1015 2351 intellectus
1038 2310 1257 2363 possibilis
1285 2311 1326 2350 in
1349 2310 1536 2360 homine,
1558 2311 1701 2352 adhuc
1729 2318 1795 2353 est
1815 2325 1856 2357 30

261 2378 383 2418 labor
404 2379 526 2431 quasi
551 2379 744 2420 infinitus
767 2380 880 2421 circa
902 2379 994 2432 ejus
1016 2387 1177 2432 partes.
1230 2379 1347 2419 Nam
1370 2392 1521 2419 omnes
1538 2380 1794 2432 questiones

261 2447 317 2486 de
331 2447 467 2487 libero
485 2448 677 2497 arbitrio,
696 2462 780 2500 que
804 2450 936 2488 modo
955 2448 1063 2489 fiunt
1078 2448 1166 2488 sere
1184 2447 1532 2496 innumerabiles,
1557 2448 1796 2490 fundantur

304 2582 325 2609 6
343 2583 397 2612 De
407 2582 560 2621 Anima]
576 2592 608 2620 p.
621 2592 640 2611 2
652 2591 678 2611 c.
694 2591 706 2610 1
723 2583 769 2620 (p.
782 2583 812 2620 6,
828 2582 879 2613 ed.
898 2583 1004 2620 1508).
1090 2591 1125 2612 11
1146 2584 1201 2612 De
1211 2579 1500 2620 vegetabilibus]
1518 2579 1555 2610 de
1570 2579 1702 2611 Planlz's
1715 2581 1745 2611 ii.
1765 2591 1792 2612 1.

260 2642 366 2661 21-22
389 2637 550 2664 tractatu
567 2633 812 2673 alkimistico]
830 2634 891 2673 Op.
913 2634 1006 2671 Tcrt„
1025 2633 1167 2668 Duhem,
1187 2643 1245 2671 pp.
1261 2633 1331 2670 184.
1354 2632 1426 2671 188,
1453 2634 1514 2662 &c.
1608 2633 1650 2662 28
1675 2635 1792 2664 Primi

261 2683 409 2724 Operis]
430 2684 521 2714 Pars.
542 2694 572 2723 27
594 2695 667 2724 cap.
686 2695 716 2714 v.
736 2684 899 2724 &Bridges
917 2685 960 2716 iii.
981 2686 1049 2725 44),
1073 2684 1133 2725 Op.
1159 2684 1253 2722 Tert.2
1272 2683 1424 2723 Bmwer,
1445 2695 1477 2724 p.
1499 2693 1549 2723 75.

307 2811 343 2838 13
360 2801 489 2841 omnia]
507 2802 596 2831 omni
615 2801 663 2832 M.
