1898 3126
120 1709 242 1749 78a2.

976 82 1058 126 270

252 202 336 241 que
354 194 418 227 est
436 186 674 227 necessaria
693 187 872 227 mundo,
918 187 1150 227 Elementa
1167 187 1283 226 enim
1299 192 1400 226 sunt
1418 185 1472 226 ad
1491 186 1592 235 duo,
1609 185 1784 234 scilicet,

253 258 308 297 ad
339 255 491 296 mundi
520 255 900 303 constitucionem,
923 260 966 294 et
995 254 1077 295 hoc
1106 260 1172 294 est
1201 255 1443 295 secundum
1465 267 1512 294 se
1532 259 1641 305 tota,
1663 260 1705 294 et
1727 253 1782 293 ad

255 325 496 365 mixtorum
515 324 858 376 generacionem,
879 329 921 363 et
944 322 1027 363 hoc
1050 328 1117 363 est
1138 323 1378 363 secundum
1402 329 1562 376 partes.
1616 322 1785 362 Natura

255 399 401 433 autem
424 392 687 442 universalis,
709 392 764 432 de
785 404 872 443 qua
894 391 1057 431 dictum
1081 397 1145 431 est
1166 391 1376 443 superius,
1403 391 1592 431 intendit
1613 403 1786 443 semper

258 461 470 501 mundum
513 461 732 512 integrum
776 461 953 511 salvare,
990 467 1033 500 et
1068 460 1166 500 ideo
1202 473 1289 500 non
1331 459 1613 513 generabitur
1646 472 1823 511 neque5

257 535 558 581 corrumpetur
600 542 686 568 una
733 542 859 582 spera
902 528 1196 569 elementaris,
1278 528 1338 569 Et
1389 527 1588 568 similiter
1632 528 1786 569 eadem

256 604 408 639 natura
442 598 630 638 intendit
661 598 993 651 generacionem
1025 597 1231 637 elementi
1265 611 1321 637 ex
1353 597 1586 646 elemento,
1616 603 1658 638 et
1692 610 1787 649 pre-

257 668 382 720 cipue
418 672 597 719 propter
634 667 840 716 mixtum,
877 674 919 706 et
962 666 1213 719 hujusmodi
1255 667 1532 720 generacioni
1569 665 1786 705 sufficiunt

256 741 400 788 partes
433 733 765 784 elementorum,
789 740 833 774 et
864 735 963 775 ideo
992 735 1210 775 elementa
1239 735 1480 776 secundum
1513 740 1660 786 partes
1687 739 1787 773 sunt

256 802 524 856 generabilia
547 808 590 842 et
612 803 923 855 corruptibilia.

317 870 364 911 Si
395 870 609 911 obiciatur
636 872 755 923 quod
789 885 889 924 pars
917 871 1043 914 unius
1073 871 1277 912 elementi
1307 884 1393 911 non
1423 877 1570 924 potest
1592 869 1789 924 generari

258 939 337 979 nisi
361 938 524 991 aliquid
539 939 593 978 de
611 940 698 979 alio
712 947 1026 993 corrumpatur,
1049 954 1152 994 ergo
1174 940 1279 981 illud
1296 947 1361 981 est
1378 938 1670 992 corruptibile,
1686 952 1790 992 ergo

259 1008 517 1061 generabile,
537 1009 639 1060 quia
658 1022 789 1049 omne
811 1009 1093 1062 corruptibile
1109 1016 1174 1050 est
1191 1009 1453 1062 generabile,
1466 1023 1569 1062 ergo
1587 1008 1723 1048 exivit
1746 1008 1789 1047 in

258 1090 351 1117 esse
374 1090 449 1129 per
470 1078 815 1129 generacionem,
839 1079 959 1130 quod
991 1077 1151 1118 falsum
1175 1085 1253 1127 est,
1278 1091 1378 1117 nam
1403 1077 1622 1117 elementa
1645 1082 1792 1116 creata

258 1152 358 1186 sunt
381 1145 575 1185 totaliter
593 1160 602 1196 3
626 1146 858 1186 dicendum
883 1153 948 1186 est
966 1147 1082 1199 quod
1101 1160 1199 1187 cum
1218 1147 1316 1186 dico
1335 1149 1343 1164 ‘
1359 1159 1489 1186 omne
1508 1144 1792 1198 corruptibile

262 1221 326 1254 est
344 1213 592 1265 generabile
607 1213 627 1263 ’,
644 1214 712 1254 hic
732 1221 797 1254 est
816 1215 1070 1255 distribucio
1093 1215 1345 1264 accomoda,
1363 1215 1474 1255 sicut
1493 1217 1501 1232 ‘
1517 1214 1659 1254 celum
1682 1213 1792 1266 tegit

261 1283 409 1322 onmia
424 1280 446 1322 ’.
500 1281 544 1322 Si
568 1282 685 1322 enim
707 1289 951 1323 sumeretur
972 1283 1226 1336 simpliciter
1249 1290 1292 1324 et
1309 1283 1437 1335 plena
1459 1281 1793 1330 universalitate,

263 1349 370 1391 falsa
392 1357 506 1390 esset
527 1350 607 1390 hec
630 1351 945 1404 proposicio—‘
960 1365 1092 1392 omne
1118 1351 1399 1404 corruptibile
1421 1358 1486 1392 est
1508 1349 1756 1403 generabile
1771 1346 1793 1398 '2

261 1421 370 1459 sicut
403 1419 554 1459 hoc—‘
568 1418 709 1459 celum
741 1420 849 1471 tegit
881 1421 1029 1460 omnia
1047 1418 1067 1471 ',
1098 1421 1200 1473 quia
1233 1420 1442 1461 instancia
1474 1426 1589 1460 esset
1620 1419 1663 1459 in
1699 1432 1796 1468 uno,

261 1487 434 1535 scilicet,
453 1488 494 1527 in
515 1501 573 1535 εθ,
595 1494 637 1527 θῖ
660 1489 720 1528 ita
741 1495 805 1528 est
821 1489 889 1529 hic
911 1491 966 1529 de
984 1489 1179 1541 partibus
1201 1488 1513 1529 elementorum
1536 1488 1690 1528 creatis
1712 1499 1796 1540 que

262 1556 562 1608 corruptibiles
584 1562 685 1596 sunt
717 1563 782 1597 set
806 1570 892 1597 non
916 1557 1199 1610 generabiles.
1264 1557 1471 1598 Similiter
1498 1557 1651 1597 hoc—‘
1666 1568 1795 1596 omne

263 1624 510 1679 generabile
526 1631 590 1664 est
607 1625 887 1677 corruptibile
901 1625 1103 1666 '—habet
1128 1626 1483 1666 distribucionem
1512 1625 1795 1665 accomodam

264 1707 351 1734 non
375 1693 563 1745 plenam,
594 1692 598 1745 Ι
626 1694 836 1734 instancia
858 1695 971 1734 enim
996 1701 1061 1735 est
1084 1695 1127 1734 in
1149 1707 1247 1745 uno,
1269 1700 1315 1733 ut
1337 1693 1512 1733 inferius
1534 1692 1717 1746 patebit.

323 1761 368 1802 Si
398 1762 612 1802 obiciatur
637 1762 692 1801 de
720 1762 1005 1803 efficientibus
1032 1763 1150 1815 quod
1178 1762 1288 1815 ignis
1318 1775 1403 1801 non
1436 1762 1525 1815 agit
1555 1761 1795 1801 secundum

264 1830 383 1883 quod
406 1830 531 1882 ignis,
553 1836 601 1870 ut
625 1830 887 1871 Aristoteles
909 1831 1013 1871 dicit
1038 1832 1081 1870 in
1103 1831 1214 1872 libro
1236 1830 1303 1871 ‚De
1323 1844 1448 1871 sensu
1470 1837 1512 1870 et
1530 1836 1708 1877 sensato,
1732 1835 1797 1870 set

262 1900 498 1940 secundum
521 1899 641 1951 quod
663 1900 937 1949 contrarium,
960 1906 1008 1940 ut
1031 1900 1073 1939 in
1090 1905 1303 1953 quantum
1323 1906 1389 1939 est
1411 1898 1575 1940 calidus
1593 1904 1636 1939 et
1649 1898 1799 1948 siccus,

266 1975 308 2008 et
338 1968 397 2008 sic
425 1968 567 2007 solum
600 1975 701 2020 aget
726 1968 964 2008 secundum
995 1968 1228 2020 qualitates
1259 1981 1358 2009 suas
1390 1967 1679 2008 accidentales
1712 1979 1798 2006 non

267 2037 506 2077 secundum
531 2035 714 2076 formam
737 2036 1088 2086 substancialem,
1109 2038 1227 2090 quod
1253 2038 1391 2077 eciam
1418 2036 1701 2077 confirmatur
1722 2047 1800 2088 per

267 2107 409 2157 ipsum
436 2106 626 2145 secundo
653 2104 720 2144 De
755 2104 1048 2155 Generacz'one,
1077 2106 1149 2146 ubi
1179 2107 1234 2146 de
1267 2106 1442 2146 accione
1484 2104 1798 2145 elementorum

269 2186 355 2213 non
375 2174 497 2226 ponit
515 2173 594 2213 nisi
614 2173 847 2225 qualitates
862 2181 1061 2227 quatuor,
1075 2174 1262 2216 calidum
1280 2181 1323 2214 et
1338 2174 1555 2227 frigidum,
1570 2173 1798 2213 humidum

269 2248 313 2282 et
346 2242 521 2282 siccum.
584 2240 661 2282 Set
694 2242 897 2283 accidens
931 2256 1019 2283 non
1053 2249 1199 2296 potest
1236 2243 1475 2296 producere
1518 2255 1664 2282 veram
1699 2241 1798 2282 sub-

268 2310 493 2356 stanciam,
516 2310 618 2361 quia
648 2323 778 2350 omne
805 2324 1020 2363 generans
1050 2318 1115 2351 est
1145 2311 1333 2352 nobilius
1359 2317 1567 2364 generato
1596 2316 1640 2350 et
1664 2321 1800 2362 agens

268 2385 379 2428 acto,
411 2385 459 2419 ut
494 2378 757 2420 Aristoteles
790 2380 883 2420 vult
920 2380 1232 2428 universaliter,
1263 2393 1367 2432 ergo
1398 2392 1485 2419 non
1521 2377 1801 2432 generabitur

269 2447 535 2487 elementum
570 2453 636 2487 set
673 2447 849 2501 aliquod
881 2449 1093 2498 accidens,
1124 2449 1242 2501 quod
1284 2447 1440 2488 falsum
1481 2453 1559 2497 est,
1592 2460 1644 2487 eo
1680 2445 1800 2499 quod

270 2516 471 2556 accidens
504 2529 589 2556 non
623 2524 767 2569 potest
797 2518 993 2570 generari
1024 2517 1116 2557 sine
1147 2530 1227 2557 suo
1258 2516 1455 2568 subjecto
1491 2515 1677 2568 proprio.
1742 2514 1802 2554 Et

275 2584 522 2624 substancia
545 2584 747 2625 elementi
777 2586 1031 2638 producitur
1053 2586 1154 2638 quia
1176 2585 1365 2625 mixtum
1390 2583 1438 2625 fit
1460 2596 1517 2624 θΧ
1539 2581 1800 2624 substanciis

319 2739 359 2766 25
384 2731 438 2760 De
455 2739 567 2760 sensu
582 2734 618 2761 et
635 2730 798 2769 sensato]
817 2739 843 2760 e.
863 2740 891 2760 2.
1118 2740 1159 2769 29
1184 2732 1237 2759 De
1256 2727 1528 2768 Generaeione]
1547 2727 1578 2758 ii.
1601 2737 1626 2757 1.

1813 818 1898 840 101

1814 1160 1851 1191 15

1817 1503 1856 1524 20

1820 2185 1860 2215 30

1821 2526 1860 2558 35
