1898 3126
4 0 9 132 ι

3 252 7 367 ¹

815 83 894 123 199

80 178 297 224 racionem
333 183 606 235 quantitatis,
639 190 681 224 et
718 184 958 224 secundum
1001 183 1403 226 consideracionem
1441 187 1613 227 metha-

80 251 242 305 phisici,
266 252 384 292 modi
408 252 478 293 alii
501 258 729 293 sumuntur
751 252 834 293 loci
858 253 997 306 magis
1020 252 1207 306 proprie,
1232 255 1473 294 secundum
1496 256 1614 308 quod

77 321 241 361 habent
263 321 318 361 de
342 321 581 374 superficiei
605 322 800 371 veritate,
824 328 890 362 set
911 328 1071 371 tamen,
1095 323 1336 363 secundum
1368 323 1611 363 naturalem

78 389 398 444 philosophum,
413 391 744 431 concedendum
762 397 827 431 θ5ῖ
844 391 963 443 quod
986 397 1087 443 post
1109 390 1299 443 primum
1323 391 1515 441 modum,
1535 392 1609 432 ubi

40 477 59 509 5
78 458 341 500 concordant
362 459 506 499 unitas
522 459 763 511 superficiei
787 465 829 499 et
851 459 992 499 unitas
1015 464 1253 511 respectus,
1269 458 1489 511 accipitur
1516 473 1615 512 pro-

78 526 235 580 prietas
257 526 339 567 loci
363 540 494 579 penes
517 526 884 575 immobilitatem,
907 534 950 568 et
972 527 1211 568 secundum
1237 527 1335 575 hoc,
1361 526 1433 567 ille
1456 528 1614 568 modus

77 595 149 647 qui
178 594 312 635 habet
334 608 464 635 unam
491 594 494 648 1
519 595 794 648 superficiem
818 609 917 636 cum
940 596 1192 636 diversitate
1214 601 1458 648 respectus.
1483 595 1615 636 habet
1638 608 1650 636 .-

78 664 219 704 minus
244 664 299 704 de
319 664 499 704 veritate
524 664 619 714 loci,
644 671 686 705 et
717 671 781 705 est
813 664 933 706 locus
968 671 1015 705 ut
1043 677 1136 714 vaS,
1160 670 1204 704 et
1235 663 1364 703 nichil
1398 663 1531 705 habet
1561 665 1615 704 de

78 732 262 773 naturali
286 732 392 782 loco,
416 740 491 773 aut
516 733 757 773 minimum.
819 731 911 772 Alii
941 746 1045 773 vero
1070 732 1204 782 modi,
1229 732 1471 772 secundum
1496 733 1613 785 quod

23 818 59 841 ιο
77 801 240 842 habent
261 800 358 853 plus
383 801 439 841 de
460 801 758 855 ydemptitate
780 807 1014 855 respectus,
1039 801 1202 842 habent
1225 800 1321 854 plus
1354 801 1409 854 de
1430 801 1614 842 veritate

77 869 155 910 loci
190 869 430 910 secundum
469 870 725 910 naturalem.
795 869 882 911 Sed
921 871 1011 915 hoc,
1053 882 1152 909 curn
1188 875 1364 922 tempus
1402 870 1611 916 habuero,

77 937 272 990 redigam
295 939 349 978 ad
372 938 546 990 plenam
568 939 825 980 veritatem.

135 1005 180 1047 Si
218 1007 315 1059 quis
351 1007 525 1054 obiciat,
559 1008 676 1060 quod
710 1007 829 1049 locus
866 1007 987 1060 ignis,
1019 1007 1092 1060 qui
1126 1013 1191 1047 est
1224 1019 1464 1047 concavum
1498 1008 1615 1048 orbis

76 1075 188 1126 lune,
219 1082 284 1115 est
316 1089 489 1129 semper
523 1076 565 1116 in
600 1082 734 1126 motu,
772 1089 887 1129 ergo,
922 1075 1041 1116 locus
1082 1088 1168 1116 non
1211 1081 1275 1116 est
1318 1074 1615 1116 universaliter

23 1143 340 1194 ¹5immobilis;
386 1144 587 1185 solebant
629 1146 795 1198 antiqui
837 1145 993 1194 dicere,
1024 1144 1143 1197 quod
1176 1143 1298 1184 locus
1335 1157 1420 1183 non
1457 1144 1615 1185 dicitur

77 1212 311 1253 immobilis
328 1227 353 1253 a
376 1213 619 1265 privacione
644 1220 790 1254 motus
812 1213 1043 1263 circularis,
1060 1220 1126 1253 set
1148 1227 1172 1252 a
1198 1213 1447 1265 privacione
1471 1219 1614 1253 motus

77 1281 190 1321 recti.
254 1280 331 1322 Set
367 1281 450 1322 hoc
484 1295 571 1322 non
607 1283 717 1323 bene
750 1283 920 1332 dicitur,
954 1282 1055 1335 quia
1086 1281 1371 1322 immobilitas
1401 1281 1483 1321 loci
1528 1294 1615 1321 non

78 1349 233 1389 dicitur
272 1363 298 1389 a
339 1350 584 1402 privacione
621 1357 776 1401 motus,
820 1358 882 1392 set
920 1364 945 1390 a
977 1350 1225 1403 privacione
1258 1349 1521 1390 diversitatis
1554 1363 1615 1389 re·

79 1423 266 1470 spectus,
283 1419 398 1458 unde
414 1418 698 1460 immobilitas
717 1426 783 1460 est
801 1420 868 1461 hic
882 1418 1166 1472 ydemptitas‚
1189 1418 1365 1467 scilicet,
1381 1426 1614 1470 respectus.

22 1500 61 1523 20
80 1485 138 1527 Et
159 1486 192 1525 si
219 1486 400 1536 dicatur,
422 1488 540 1540 quod
565 1501 807 1529 concavum
840 1489 955 1529 orbis
987 1488 1088 1528 lune
1112 1487 1245 1527 habet
1268 1486 1309 1526 in
1332 1500 1378 1526 se
1400 1487 1554 1529 oriens,
1574 1492 1617 1526 ct

78 1555 287 1605 occidens,
309 1563 351 1596 et
383 1556 590 1609 angulum
622 1563 748 1609 terre,
771 1564 813 1599 et
846 1557 1038 1598 medium
1072 1555 1163 1605 celi,
1195 1555 1402 1608 quoniam
1424 1554 1503 1595 hec
1535 1554 1617 1606 sig-

79 1631 235 1664 nantur
256 1624 298 1664 in
326 1638 389 1674 eo,
413 1638 528 1678 ergO,
553 1639 640 1666 non
668 1626 800 1667 habet
823 1631 1071 1679 respectum
1094 1625 1149 1665 ad
1173 1638 1235 1674 ea,
1260 1631 1302 1664 et
1326 1624 1425 1664 ideo
1448 1637 1535 1663 non
1559 1624 1615 1663 ad

78 1692 289 1733 terminos
307 1694 455 1733 mundi
473 1711 480 1734 :
505 1700 548 1734 et
563 1694 625 1735 ita
643 1694 764 1735 locus
782 1694 891 1748 ignis
910 1707 995 1734 non
1010 1693 1143 1734 habet
1161 1693 1350 1745 aliquem
1371 1698 1613 1744 respectum

78 1760 134 1800 ad
156 1761 364 1802 terminos
397 1762 556 1802 mundi.
621 1762 680 1803 Et
707 1763 938 1803 dicendum
971 1769 1047 1807 est,
1073 1762 1191 1813 quod
1219 1761 1397 1813 quando
1429 1760 1614 1800 dicimus

21 1845 58 1878 25
78 1828 241 1881 aliquid
272 1830 432 1871 habere
464 1832 807 1884 ydemptitatem
841 1837 1059 1883 respectus
1092 1830 1146 1869 ad
1180 1829 1392 1869 terminos
1425 1836 1614 1881 quatuor

79 1897 230 1947 dictos,
252 1905 354 1939 tunc
376 1898 678 1953 intelligendus
694 1908 759 1940 est
781 1913 924 1940 sermo
947 1900 1000 1939 dc
1015 1899 1145 1939 rebus
1161 1898 1230 1939 hic
1247 1896 1423 1938 inferius
1447 1897 1613 1946 locatis,

77 1965 131 2004 de
162 1966 318 2018 quibus
350 1967 727 2021 exemplificamus
758 1981 930 2020 semper
959 1967 1200 2008 secundum
1235 1966 1610 2006 consuetudinem.

81 2033 140 2073 Et
162 2034 271 2084 ideo,
295 2035 329 2074 si
352 2034 567 2088 loquimur
595 2037 649 2077 de
672 2037 826 2077 eodem
854 2042 1051 2088 respectu
1079 2035 1121 2075 in
1155 2035 1251 2076 loco
1275 2035 1394 2087 ignis,
1419 2035 1613 2075 dicemus

79 2103 196 2154 quod
228 2103 295 2144 hic
328 2111 549 2158 respectus
582 2112 648 2146 est
679 2119 702 2145 e
744 2118 964 2154 converso,
1008 2104 1215 2156 quoniam
1253 2109 1319 2143 est
1351 2103 1540 2151 orientis,
1571 2110 1614 2144 et

20 2187 61 2217 30
80 2170 328 2222 occidentis,
351 2179 393 2212 et
418 2173 548 2213 medii
574 2173 665 2223 celi,
690 2180 733 2214 et
763 2173 910 2226 anguli
934 2179 1059 2222 terre,
1083 2185 1160 2225 per
1182 2171 1525 2225 ydemptitatem
1549 2171 1612 2211 di-

79 2239 241 2280 stancie
282 2248 479 2294 respectu
515 2242 651 2283 centri
684 2242 836 2282 mundi
871 2241 1160 2291 indivisibilis,
1196 2240 1299 2293 quia
1332 2239 1455 2280 locus
1488 2239 1610 2292 ignis,

80 2307 195 2359 quod
211 2314 276 2348 est
293 2322 532 2350 concavum
550 2310 663 2350 orbis
680 2309 790 2358 lune,
809 2310 941 2350 habet
961 2310 1121 2362 ubique
1144 2310 1329 2350 eandem
1353 2307 1612 2348 distanciam

80 2384 273 2427 respectu
296 2378 441 2418 centri.

122 2501 141 2530 3
165 2492 322 2532 veritate]
355 2494 483 2524 unitate
515 2494 549 2523 D
676 2494 862 2524 naturalem
880 2504 947 2524 om.
964 2493 1004 2523 ill
1144 2504 1163 2531 5
1187 2493 1411 2534 concordant]
1430 2493 1610 2524 concordat

80 2542 114 2572 D
307 2546 338 2583 8,
362 2555 400 2575 10
423 2545 582 2586 veritate]
608 2545 734 2576 unitate
752 2546 786 2575 I)
1000 2554 1107 2584 23-24
1132 2551 1165 2576 et
1183 2545 1229 2575 ita
1247 2569 1254 2577 .
1276 2568 1283 2575 .
1305 2569 1311 2577 .
1330 2544 1444 2575 mundi
1461 2555 1526 2576 om.
1546 2544 1608 2574 FD

80 2601 121 2632 25
144 2593 268 2633 aliquid
284 2604 348 2625 om.
367 2594 400 2624 F
