1898 3126
996 143 1076 186 266

269 259 469 312 quamvis
491 272 547 299 ex
569 258 833 311 supradictis
861 257 1074 311 contingit
1096 257 1242 298 omnia
1271 256 1343 298 illa
1368 255 1589 298 cumulare
1618 268 1702 307 que
1724 268 1803 308 pro

270 329 475 382 opinione
496 328 569 369 illa
590 329 783 369 adducta
807 334 921 368 sunt.

328 399 388 438 Et
409 397 489 438 hec
512 398 658 437 omnia
680 403 779 438 sunt
800 396 1043 437 necessaria
1074 395 1379 448 questionibus
1413 393 1637 447 theologie
1660 392 1801 433 maxi-

270 467 363 518 mis,
385 466 559 515 scilicet,
582 467 636 506 de
658 464 1159 507 transsubstanciacione
1180 465 1304 517 panis
1323 464 1365 504 in
1390 477 1548 517 corpus
1568 461 1744 510 Christi,
1758 467 1803 501 et

268 537 323 576 de
343 549 446 576 casu
473 535 618 589 angeli
641 542 684 575 et
706 535 761 575 de
791 541 913 575 motu
937 533 1080 586 angeli
1111 540 1154 574 et
1182 533 1236 573 de
1260 531 1578 586 justificacione
1601 529 1733 584 impii,
1759 536 1802 569 et
1822 545 1839 577 5

268 606 309 645 in
331 604 424 645 aliis
447 604 607 644 multis.

330 741 575 795 Capitulum
602 747 667 790 7¹¹¹.
728 741 778 782 de
801 741 885 793 ipso
897 747 1118 794 generato,
1138 739 1327 793 quidest
1345 738 1461 793 quod
1468 746 1723 792 generatur.

124 842 159 875 77
183 846 199 865 a
220 844 246 866 ¹·
327 833 494 873 Habito
529 832 658 886 igitur
690 832 745 872 de
777 832 994 885 principiis
1026 833 1299 873 naturalibus
1331 830 1642 885 genemcionis,
1669 836 1713 871 et
1744 829 1799 869 de

267 902 399 942 modo
440 900 734 955 generacionis
776 915 915 941 rerum
938 900 1220 941 'naturalium
1262 907 1474 955 quantum
1513 905 1578 940 est
1611 912 1636 939 a
1673 904 1799 952 parte

265 971 400 1024 ipsius
422 971 627 1011 decursus
657 970 730 1022 qui
754 977 820 1010 est
849 970 890 1010 in
920 970 1220 1023 generacione,
1241 970 1377 1011 tercio
1408 975 1473 1010 est
1500 966 1798 1009 c0nsideracio
1822 979 1861 1001 10

266 1038 517 1092 principalis
540 1039 595 1079 de
618 1053 670 1079 eo
693 1038 811 1091 quod
834 1045 1069 1092 generatur
1091 1052 1145 1079 an
1169 1040 1224 1080 sit
1247 1038 1541 1092 compositum
1567 1036 1636 1077 vel
1660 1035 1799 1076 forma

266 1115 451 1149 tantum.
515 1107 592 1148 Set
613 1115 760 1148 tamen
783 1107 861 1148 hec
883 1108 1042 1148 veritas
1056 1113 1177 1160 patet
1200 1122 1257 1148 ex
1280 1107 1484 1160 predictis
1506 1106 1621 1146 circa
1641 1104 1799 1158 princi-

266 1177 385 1229 pium
410 1176 646 1226 materiale,
668 1175 841 1223 scilicet,
860 1190 937 1229 per
959 1176 1052 1229 ejus
1074 1175 1348 1216 differencias
1366 1174 1588 1229 specificas
1603 1173 1799 1214 inventas

266 1259 291 1285 a
312 1244 638 1299 generalissimo
665 1245 719 1284 ad
752 1245 1123 1297 specialissimam.
1187 1244 1235 1284 Si
1267 1245 1381 1284 enim
1414 1257 1543 1298 super
1569 1242 1795 1283 materiam

266 1314 496 1366 cujuslibet
517 1314 686 1365 generis
704 1313 891 1354 addatur
913 1314 1094 1354 materia
1112 1313 1316 1366 specifica
1333 1313 1442 1354 sicut
1459 1325 1589 1367 super
1611 1311 1796 1352 formam
1822 1322 1860 1353 15

266 1383 433 1436 generis
455 1382 630 1422 additur
643 1382 780 1422 forma
798 1381 1000 1435 specifica
1017 1387 1121 1422 tunc
1139 1395 1237 1422 cum
1257 1388 1409 1422 natura
1427 1387 1609 1433 generat
1626 1393 1799 1433 semper

266 1451 457 1503 aliquam
488 1451 676 1503 speciem
708 1449 1065 1503 specialissimam
1097 1451 1151 1490 de
1181 1451 1383 1503 potencia
1415 1450 1582 1503 generis
1605 1448 1795 1503 proximi

265 1519 332 1558 vel
356 1520 525 1569 remoti,
549 1518 829 1559 manifestum
847 1525 913 1559 est
932 1518 1050 1571 quod
1074 1532 1150 1572 per
1166 1519 1499 1571 generacionem
1519 1517 1798 1559 renovabitur

268 1587 449 1627 materia
463 1586 664 1641 specifica
682 1588 791 1628 sicut
806 1586 959 1637 forma,
977 1601 1080 1640 ergo
1098 1587 1231 1628 stabit
1247 1588 1476 1641 generacio
1495 1588 1549 1627 ad
1567 1588 1796 1628 materiam

265 1654 512 1709 specificam
551 1661 594 1695 et
632 1654 818 1696 formam
860 1655 1119 1708 specificam.
1196 1655 1275 1697 Set
1311 1656 1392 1695 hee
1433 1656 1519 1695 due
1556 1661 1656 1695 nate
1694 1661 1795 1695 sunt
1821 1670 1860 1692 20

265 1723 404 1764 facere
435 1724 730 1776 compositum
763 1730 805 1764 et
837 1724 1175 1778 appropriantur
1205 1725 1317 1764 sicut
1349 1724 1488 1765 forma
1517 1722 1733 1777 generalis
1755 1728 1799 1762 et

267 1793 449 1832 materia
500 1792 712 1846 generalis
754 1799 797 1833 et
849 1792 1094 1833 adinvicem
1146 1793 1478 1845 corespondent,
1531 1797 1799 1845 quapropter

266 1861 476 1901 terminus
508 1860 808 1914 generacionis
839 1867 905 1902 est
939 1861 1233 1915 compositum
1277 1875 1333 1901 ex
1367 1861 1549 1902 materia
1582 1867 1625 1901 et
1656 1861 1798 1900 forma

266 1930 490 1970 renovatis.
555 1929 614 1969 Et
667 1943 819 1970 omnes
871 1930 1067 1971 raciones
1113 1943 1198 1983 que
1249 1929 1520 1970 differencias
1574 1927 1798 1982 specificas

267 1999 447 2040 materie
484 1997 784 2039 certificabant
820 2004 863 2038 et
897 2012 970 2039 eas
1004 1998 1250 2052 probabant
1284 1999 1508 2039 addendas
1542 2011 1672 2050 super
1703 2011 1797 2038 ma·
1819 2011 1857 2043 25

265 2067 419 2108 teriam
448 2066 694 2121 generalem
723 2067 915 2119 probant
946 2067 1219 2120 propositum
1248 2067 1327 2115 hic,
1351 2072 1394 2107 et
1426 2067 1525 2106 ideo
1553 2080 1641 2106 non
1670 2079 1797 2119 opor-

39 2147 156 2178 F.112
178 2146 244 2176 bx.
265 2143 330 2177 tet
372 2148 443 2176 eas
476 2142 670 2188 repetere
699 2135 703 2189 Ι
732 2141 775 2175 et
807 2136 888 2177 hoc
922 2135 1189 2177 Aristoteles
1221 2136 1328 2176 dicit
1360 2141 1402 2176 et
1445 2136 1720 2176 demonstrat
1751 2135 1794 2174 in

268 2209 310 2256 7⁰
328 2203 642 2258 stffethaplzisice
663 2211 705 2245 et
727 2203 1064 2245 Commentator
1087 2205 1193 2258 ejus.
1257 2204 1316 2244 Et
1340 2204 1380 2244 in
1403 2204 1547 2258 primo
1568 2203 1637 2243 De
1662 2203 1796 2244 Gene-

266 2274 435 2313 racz'one
470 2272 576 2313 dicit
612 2273 732 2325 quod
764 2273 993 2326 generacio
1023 2280 1089 2313 est
1127 2272 1350 2313 conversio
1385 2273 1526 2313 tocius
1562 2272 1604 2311 in
1638 2278 1794 2312 toturn.

268 2341 346 2382 Set
372 2346 514 2382 totum
539 2347 604 2381 est
626 2341 695 2381 hic
723 2341 1021 2394 compositum
1044 2355 1128 2382 non
1153 2341 1292 2381 forma
1314 2346 1486 2381 tantum
1511 2353 1589 2380 nec
1614 2340 1794 2380 materia
1816 2350 1858 2381 30

265 2415 452 2461 tantum,
470 2415 512 2449 et
534 2409 675 2449 omnis
696 2409 814 2450 accio
833 2414 898 2449 est
921 2408 1153 2461 conjuncti,
1173 2415 1220 2449 ut
1237 2407 1502 2449 Aristoteles
1525 2408 1631 2449 dicit
1652 2409 1795 2461 primo

266 2478 334 2518 De
364 2477 545 2528 Anima,
567 2490 671 2530 ergo
693 2477 813 2519 accio
845 2477 1014 2530 agentis
1038 2477 1222 2517 debetur
1251 2476 1483 2529 conjuncto
1505 2477 1547 2516 in
1581 2482 1792 2529 quantum

314 2606 349 2627 11
376 2595 588 2635 generatur]
607 2595 672 2625 end
690 2595 725 2626 os
739 2595 783 2626 D.
983 2595 1024 2625 28
1048 2596 1103 2626 De
1121 2593 1395 2634 Generaeione]
1412 2594 1431 2624 i.
1454 2603 1500 2625 10.

309 2708 373 2744 3-6
396 2716 460 2736 om.
480 2705 545 2736 FD
701 2715 717 2743 7
743 2704 934 2744 Capitulum
953 2728 959 2735 .
980 2727 986 2734 .
1003 2727 1010 2735 .
1030 2709 1212 2743 generatur
1227 2714 1290 2735 om.
1312 2704 1345 2734 F
1459 2704 1500 2735 de
1518 2727 1525 2734 .
1546 2727 1552 2734 .
1571 2729 1577 2735 .
1597 2704 1795 2744 generatur]

265 2757 307 2786 de
325 2757 551 2795 genet-acione
567 2756 602 2786 D
790 2766 829 2786 12
854 2755 982 2795 tamen]
1002 2760 1129 2786 tantum
1147 2755 1180 2784 F
1372 2764 1412 2794 25
1437 2755 1665 2786 certificabant
1683 2766 1748 2787 om.
1767 2755 1800 2785 F

264 2818 306 2847 32
331 2807 526 2848 conjuncto]
546 2807 743 2846 conjunccio
761 2806 793 2836 F
