<?xml version="1.0" encoding="UTF-8"?>
<!DOCTYPE html PUBLIC "-//W3C//DTD XHTML 1.0 Transitional//EN"
    "http://www.w3.org/TR/xhtml1/DTD/xhtml1-transitional.dtd">
<html xmlns="http://www.w3.org/1999/xhtml" xml:lang="en" lang="en">
 <head>
  <title>
</title>
<meta http-equiv="Content-Type" content="text/html;charset=utf-8" />
  <meta name='ocr-system' content='tesseract 3.04.00' />
  <meta name='ocr-capabilities' content='ocr_page ocr_carea ocr_par ocr_line ocrx_word'/>
</head>
<body>
  <div class='ocr_page' id='page_1' title='image "./operahactenusine03baco_0019.png"; bbox 0 0 1877 3131; ppageno 0'>
   <div class='ocr_carea' id='block_1_1' title="bbox 827 120 904 162">
    <p class='ocr_par' dir='ltr' id='par_1_1' title="bbox 827 120 904 162">
     <span class='ocr_line' id='line_1_1' title="bbox 827 120 904 162; baseline 0 -15"><span class='ocrx_word' id='word_1_1' title='bbox 827 120 904 162; x_wconf 82' lang='lat'>143</span> 
     </span>
    </p>
   </div>
   <div class='ocr_carea' id='block_1_2' title="bbox 99 219 1631 480">
    <p class='ocr_par' dir='ltr' id='par_1_2' title="bbox 99 219 1630 329">
     <span class='ocr_line' id='line_1_2' title="bbox 99 219 1630 277; baseline 0.005 -18"><span class='ocrx_word' id='word_1_2' title='bbox 99 219 321 272; x_wconf 85' lang='lat' dir='ltr'>quantitas</span> <span class='ocrx_word' id='word_1_3' title='bbox 346 232 460 269; x_wconf 88' lang='lat' dir='ltr'>vera,</span> <span class='ocrx_word' id='word_1_4' title='bbox 482 219 571 260; x_wconf 91' lang='lat' dir='ltr'>sive</span> <span class='ocrx_word' id='word_1_5' title='bbox 596 225 809 272; x_wconf 89' lang='lat' dir='ltr'>quantum</span> <span class='ocrx_word' id='word_1_6' title='bbox 835 220 953 272; x_wconf 90' lang='lat' dir='ltr'>quod</span> <span class='ocrx_word' id='word_1_7' title='bbox 981 226 1046 261; x_wconf 91' lang='lat' dir='ltr'>est</span> <span class='ocrx_word' id='word_1_8' title='bbox 1074 221 1319 275; x_wconf 87' lang='lat' dir='ltr'>subjectum</span> <span class='ocrx_word' id='word_1_9' title='bbox 1348 224 1630 277; x_wconf 86' lang='lat' dir='ltr'>quantitatis;</span> 
     </span>
     <span class='ocr_line' id='line_1_3' title="bbox 100 288 566 329; baseline -0.004 0"><span class='ocrx_word' id='word_1_10' title='bbox 100 294 143 329; x_wconf 90' lang='lat' dir='ltr'>et</span> <span class='ocrx_word' id='word_1_11' title='bbox 164 288 280 329; x_wconf 90' lang='lat' dir='ltr'>istud</span> <span class='ocrx_word' id='word_1_12' title='bbox 302 293 367 328; x_wconf 89' lang='lat' dir='ltr'>est</span> <span class='ocrx_word' id='word_1_13' title='bbox 388 292 566 328; x_wconf 91' lang='lat' dir='ltr'>certum.</span> 
     </span>
    </p>

    <p class='ocr_par' dir='ltr' id='par_1_3' title="bbox 99 356 1631 480">
     <span class='ocr_line' id='line_1_4' title="bbox 159 356 1631 410; baseline 0.001 -13"><span class='ocrx_word' id='word_1_14' title='bbox 159 356 218 397; x_wconf 90' lang='lat' dir='ltr'>Et</span> <span class='ocrx_word' id='word_1_15' title='bbox 232 357 292 397; x_wconf 91' lang='lat' dir='ltr'>sic</span> <span class='ocrx_word' id='word_1_16' title='bbox 311 357 424 404; x_wconf 89' lang='lat' dir='ltr'>dico,</span> <span class='ocrx_word' id='word_1_17' title='bbox 439 356 555 408; x_wconf 91' lang='lat' dir='ltr'>quod</span> <span class='ocrx_word' id='word_1_18' title='bbox 575 368 685 396; x_wconf 88' lang='lat' dir='ltr'>unus</span> <span class='ocrx_word' id='word_1_19' title='bbox 707 357 864 397; x_wconf 89' lang='lat' dir='ltr'>modus</span> <span class='ocrx_word' id='word_1_20' title='bbox 885 357 1038 409; x_wconf 90' lang='lat' dir='ltr'>quanti</span> <span class='ocrx_word' id='word_1_21' title='bbox 1054 363 1096 397; x_wconf 89' lang='lat' dir='ltr'>et</span> <span class='ocrx_word' id='word_1_22' title='bbox 1114 359 1373 410; x_wconf 78' lang='lat' dir='ltr'>quantitatis</span> <span class='ocrx_word' id='word_1_23' title='bbox 1391 366 1455 400; x_wconf 87' lang='lat' dir='ltr'>est</span> <span class='ocrx_word' id='word_1_24' title='bbox 1474 366 1631 409; x_wconf 88' lang='lat' dir='ltr'>motus,</span> 
     </span>
     <span class='ocr_line' id='line_1_5' title="bbox 99 424 1628 480; baseline 0.001 -15"><span class='ocrx_word' id='word_1_25' title='bbox 99 425 202 477; x_wconf 89' lang='lat' dir='ltr'>quia</span> <span class='ocrx_word' id='word_1_26' title='bbox 227 439 325 465; x_wconf 87' lang='lat' dir='ltr'>vere</span> <span class='ocrx_word' id='word_1_27' title='bbox 354 429 543 478; x_wconf 90' lang='lat' dir='ltr'>quantus</span> <span class='ocrx_word' id='word_1_28' title='bbox 575 430 651 473; x_wconf 91' lang='lat' dir='ltr'>est,</span> <span class='ocrx_word' id='word_1_29' title='bbox 674 424 786 465; x_wconf 90' lang='lat' dir='ltr'>sicut</span> <span class='ocrx_word' id='word_1_30' title='bbox 821 425 1065 477; x_wconf 89' lang='lat' dir='ltr'>subjectum</span> <span class='ocrx_word' id='word_1_31' title='bbox 1102 427 1361 479; x_wconf 80' lang='lat' dir='ltr'>quantitatis</span> <span class='ocrx_word' id='word_1_32' title='bbox 1397 434 1462 468; x_wconf 92' lang='lat' dir='ltr'>est</span> <span class='ocrx_word' id='word_1_33' title='bbox 1492 441 1628 480; x_wconf 89' lang='lat' dir='ltr'>quan-</span> 
     </span>
    </p>
   </div>
   <div class='ocr_carea' id='block_1_3' title="bbox 61 493 1615 547">
    <p class='ocr_par' dir='ltr' id='par_1_4' title="bbox 61 493 1615 547">
     <span class='ocr_line' id='line_1_6' title="bbox 61 493 1615 547; baseline 0.001 -13"><span class='ocrx_word' id='word_1_34' title='bbox 61 514 76 543; x_wconf 72' lang='lat'>5</span> <span class='ocrx_word' id='word_1_35' title='bbox 99 500 205 543; x_wconf 88' lang='lat' dir='ltr'>tum,</span> <span class='ocrx_word' id='word_1_36' title='bbox 242 499 285 533; x_wconf 92' lang='lat' dir='ltr'>et</span> <span class='ocrx_word' id='word_1_37' title='bbox 319 506 405 533; x_wconf 93' lang='lat' dir='ltr'>non</span> <span class='ocrx_word' id='word_1_38' title='bbox 441 499 507 534; x_wconf 90' lang='lat' dir='ltr'>est</span> <span class='ocrx_word' id='word_1_39' title='bbox 545 493 804 546; x_wconf 82' lang='lat' dir='ltr'>quantitatis</span> <span class='ocrx_word' id='word_1_40' title='bbox 842 494 1014 546; x_wconf 81' lang='lat' dir='ltr'>proprie</span> <span class='ocrx_word' id='word_1_41' title='bbox 1045 501 1233 547; x_wconf 88' lang='lat' dir='ltr'>sumpta,</span> <span class='ocrx_word' id='word_1_42' title='bbox 1270 501 1317 535; x_wconf 92' lang='lat' dir='ltr'>ut</span> <span class='ocrx_word' id='word_1_43' title='bbox 1355 502 1419 536; x_wconf 91' lang='lat' dir='ltr'>est</span> <span class='ocrx_word' id='word_1_44' title='bbox 1456 508 1615 536; x_wconf 90' lang='lat' dir='ltr'>nomen</span> 
     </span>
    </p>
   </div>
   <div class='ocr_carea' id='block_1_4' title="bbox 42 853 79 874">
    <p class='ocr_par' dir='ltr' id='par_1_5' title="bbox 42 853 79 874">
     <span class='ocr_line' id='line_1_7' title="bbox 42 853 79 874; baseline 0.027 -1"><span class='ocrx_word' id='word_1_45' title='bbox 42 853 79 874; x_wconf 87' lang='lat'>10</span> 
     </span>
    </p>
   </div>
   <div class='ocr_carea' id='block_1_5' title="bbox 41 1193 76 1223">
    <p class='ocr_par' dir='ltr' id='par_1_6' title="bbox 41 1193 76 1223">
     <span class='ocr_line' id='line_1_8' title="bbox 41 1193 76 1223; baseline 0 0"><span class='ocrx_word' id='word_1_46' title='bbox 41 1193 76 1223; x_wconf 81' lang='lat'>15</span> 
     </span>
    </p>
   </div>
   <div class='ocr_carea' id='block_1_6' title="bbox 41 2214 80 2243">
    <p class='ocr_par' dir='ltr' id='par_1_7' title="bbox 41 2214 80 2243">
     <span class='ocr_line' id='line_1_9' title="bbox 41 2214 80 2243; baseline 0 -8"><span class='ocrx_word' id='word_1_47' title='bbox 41 2214 80 2243; x_wconf 75' lang='grc'>30</span> 
     </span>
    </p>
   </div>
   <div class='ocr_carea' id='block_1_7' title="bbox 98 560 1773 1508">
    <p class='ocr_par' dir='ltr' id='par_1_8' title="bbox 98 560 1773 1508">
     <span class='ocr_line' id='line_1_10' title="bbox 98 560 1627 615; baseline 0.001 -13"><span class='ocrx_word' id='word_1_48' title='bbox 98 561 422 614; x_wconf 86' lang='lat' dir='ltr'>generalissimi.</span> <span class='ocrx_word' id='word_1_49' title='bbox 486 561 546 602; x_wconf 91' lang='lat' dir='ltr'>Et</span> <span class='ocrx_word' id='word_1_50' title='bbox 561 575 637 613; x_wconf 88' lang='lat' dir='ltr'>per</span> <span class='ocrx_word' id='word_1_51' title='bbox 658 560 740 601; x_wconf 90' lang='lat' dir='ltr'>hoc</span> <span class='ocrx_word' id='word_1_52' title='bbox 762 567 906 614; x_wconf 92' lang='lat' dir='ltr'>potest</span> <span class='ocrx_word' id='word_1_53' title='bbox 929 561 1085 602; x_wconf 87' lang='lat' dir='ltr'>salvari</span> <span class='ocrx_word' id='word_1_54' title='bbox 1102 563 1221 615; x_wconf 87' lang='lat' dir='ltr'>quod</span> <span class='ocrx_word' id='word_1_55' title='bbox 1237 562 1500 604; x_wconf 89' lang='lat' dir='ltr'>Aristoteles</span> <span class='ocrx_word' id='word_1_56' title='bbox 1522 564 1627 604; x_wconf 90' lang='lat' dir='ltr'>dicit</span> 
     </span>
     <span class='ocr_line' id='line_1_11' title="bbox 100 628 1630 686; baseline 0.002 -17"><span class='ocrx_word' id='word_1_57' title='bbox 100 631 142 670; x_wconf 89' lang='lat' dir='ltr'>in</span> <span class='ocrx_word' id='word_1_58' title='bbox 175 630 327 683; x_wconf 92' lang='lat' dir='ltr'>quinto</span> <span class='ocrx_word' id='word_1_59' title='bbox 363 628 685 682; x_wconf 63' lang='lat' dir='ltr'>ltffetlzaplzisice,</span> <span class='ocrx_word' id='word_1_60' title='bbox 719 631 837 684; x_wconf 90' lang='lat' dir='ltr'>quod</span> <span class='ocrx_word' id='word_1_61' title='bbox 871 637 1016 671; x_wconf 89' lang='lat' dir='ltr'>motus</span> <span class='ocrx_word' id='word_1_62' title='bbox 1042 637 1107 672; x_wconf 92' lang='lat' dir='ltr'>est</span> <span class='ocrx_word' id='word_1_63' title='bbox 1137 633 1357 685; x_wconf 78' lang='lat' dir='ltr'>quantitas</span> <span class='ocrx_word' id='word_1_64' title='bbox 1390 646 1468 686; x_wconf 91' lang='lat' dir='ltr'>per</span> <span class='ocrx_word' id='word_1_65' title='bbox 1495 646 1553 680; x_wconf 87' lang='lat' dir='ltr'>se,</span> <span class='ocrx_word' id='word_1_66' title='bbox 1587 638 1630 672; x_wconf 91' lang='lat' dir='ltr'>et</span> 
     </span>
     <span class='ocr_line' id='line_1_12' title="bbox 99 698 1629 753; baseline 0.001 -14"><span class='ocrx_word' id='word_1_67' title='bbox 99 707 276 751; x_wconf 87' lang='lat' dir='ltr'>tempus</span> <span class='ocrx_word' id='word_1_68' title='bbox 317 712 394 752; x_wconf 90' lang='lat' dir='ltr'>per</span> <span class='ocrx_word' id='word_1_69' title='bbox 436 698 662 748; x_wconf 91' lang='lat' dir='ltr'>accidens;</span> <span class='ocrx_word' id='word_1_70' title='bbox 707 711 808 739; x_wconf 86' lang='lat' dir='ltr'>nam</span> <span class='ocrx_word' id='word_1_71' title='bbox 851 701 1089 740; x_wconf 89' lang='lat' dir='ltr'>secundum</span> <span class='ocrx_word' id='word_1_72' title='bbox 1133 699 1432 747; x_wconf 81' lang='lat' dir='ltr'>Aristotelem,</span> <span class='ocrx_word' id='word_1_73' title='bbox 1473 706 1629 753; x_wconf 86' lang='lat' dir='ltr'>quarto</span> 
     </span>
     <span class='ocr_line' id='line_1_13' title="bbox 98 766 1629 821; baseline 0.001 -14"><span class='ocrx_word' id='word_1_74' title='bbox 98 766 386 817; x_wconf 76' lang='lat' dir='ltr'>Plcz&#39;sicorum,</span> <span class='ocrx_word' id='word_1_75' title='bbox 403 773 548 807; x_wconf 89' lang='lat' dir='ltr'>motus</span> <span class='ocrx_word' id='word_1_76' title='bbox 571 767 723 819; x_wconf 87' lang='lat' dir='ltr'>recipit</span> <span class='ocrx_word' id='word_1_77' title='bbox 745 767 864 820; x_wconf 91' lang='lat' dir='ltr'>prius</span> <span class='ocrx_word' id='word_1_78' title='bbox 886 773 929 807; x_wconf 95' lang='lat' dir='ltr'>et</span> <span class='ocrx_word' id='word_1_79' title='bbox 951 767 1167 821; x_wconf 85' lang='lat' dir='ltr'>posterius</span> <span class='ocrx_word' id='word_1_80' title='bbox 1189 774 1231 809; x_wconf 90' lang='lat' dir='ltr'>et</span> <span class='ocrx_word' id='word_1_81' title='bbox 1254 769 1629 810; x_wconf 83' lang='lat' dir='ltr'>continuacionem</span> 
     </span>
     <span class='ocr_line' id='line_1_14' title="bbox 99 836 1629 890; baseline 0.001 -14"><span class='ocrx_word' id='word_1_82' title='bbox 99 849 174 876; x_wconf 88' lang='lat' dir='ltr'>sue</span> <span class='ocrx_word' id='word_1_83' title='bbox 197 836 386 877; x_wconf 89' lang='lat' dir='ltr'>essencie</span> <span class='ocrx_word' id='word_1_84' title='bbox 407 849 433 876; x_wconf 92' lang='lat' dir='ltr'>a</span> <span class='ocrx_word' id='word_1_85' title='bbox 456 836 758 888; x_wconf 82' lang='lat' dir='ltr'>magnitudine</span> <span class='ocrx_word' id='word_1_86' title='bbox 789 849 919 889; x_wconf 88' lang='lat' dir='ltr'>super</span> <span class='ocrx_word' id='word_1_87' title='bbox 940 849 1071 889; x_wconf 90' lang='lat' dir='ltr'>quam</span> <span class='ocrx_word' id='word_1_88' title='bbox 1099 844 1164 878; x_wconf 92' lang='lat' dir='ltr'>est</span> <span class='ocrx_word' id='word_1_89' title='bbox 1187 843 1343 890; x_wconf 90' lang='lat' dir='ltr'>motus,</span> <span class='ocrx_word' id='word_1_90' title='bbox 1366 844 1412 878; x_wconf 92' lang='lat' dir='ltr'>ut</span> <span class='ocrx_word' id='word_1_91' title='bbox 1442 837 1484 877; x_wconf 91' lang='lat' dir='ltr'>in</span> <span class='ocrx_word' id='word_1_92' title='bbox 1508 844 1629 878; x_wconf 87' lang='lat' dir='ltr'>motu</span> 
     </span>
     <span class='ocr_line' id='line_1_15' title="bbox 100 903 1629 960; baseline 0.001 -16"><span class='ocrx_word' id='word_1_93' title='bbox 100 903 224 946; x_wconf 89' lang='lat' dir='ltr'>locali</span> <span class='ocrx_word' id='word_1_94' title='bbox 247 911 368 957; x_wconf 89' lang='lat' dir='ltr'>patet</span> <span class='ocrx_word' id='word_1_95' title='bbox 391 904 614 945; x_wconf 89' lang='lat' dir='ltr'>evidenter</span> <span class='ocrx_word' id='word_1_96' title='bbox 635 917 644 953; x_wconf 92' lang='lat'>;</span> <span class='ocrx_word' id='word_1_97' title='bbox 676 917 776 944; x_wconf 90' lang='lat' dir='ltr'>nam</span> <span class='ocrx_word' id='word_1_98' title='bbox 800 905 842 943; x_wconf 93' lang='lat' dir='ltr'>in</span> <span class='ocrx_word' id='word_1_99' title='bbox 864 905 1012 957; x_wconf 90' lang='lat' dir='ltr'>spacio</span> <span class='ocrx_word' id='word_1_100' title='bbox 1039 905 1184 958; x_wconf 89' lang='lat' dir='ltr'>pedali</span> <span class='ocrx_word' id='word_1_101' title='bbox 1215 905 1263 947; x_wconf 90' lang='lat' dir='ltr'>fit</span> <span class='ocrx_word' id='word_1_102' title='bbox 1287 912 1431 947; x_wconf 91' lang='lat' dir='ltr'>motus</span> <span class='ocrx_word' id='word_1_103' title='bbox 1453 905 1629 960; x_wconf 88' lang='lat' dir='ltr'>pedalis,</span> 
     </span>
     <span class='ocr_line' id='line_1_16' title="bbox 100 972 1773 1030; baseline 0.002 -17"><span class='ocrx_word' id='word_1_104' title='bbox 100 980 142 1013; x_wconf 90' lang='lat' dir='ltr'>et</span> <span class='ocrx_word' id='word_1_105' title='bbox 175 974 215 1013; x_wconf 92' lang='lat' dir='ltr'>in</span> <span class='ocrx_word' id='word_1_106' title='bbox 247 973 395 1026; x_wconf 88' lang='lat' dir='ltr'>spacio</span> <span class='ocrx_word' id='word_1_107' title='bbox 425 972 617 1026; x_wconf 85' lang='lat' dir='ltr'>bipedali</span> <span class='ocrx_word' id='word_1_108' title='bbox 648 972 697 1013; x_wconf 88' lang='lat' dir='ltr'>fit</span> <span class='ocrx_word' id='word_1_109' title='bbox 729 973 886 1013; x_wconf 88' lang='lat' dir='ltr'>modus</span> <span class='ocrx_word' id='word_1_110' title='bbox 918 973 1148 1026; x_wconf 81' lang='lat' dir='ltr'>bipedaliS,</span> <span class='ocrx_word' id='word_1_111' title='bbox 1179 980 1221 1015; x_wconf 92' lang='lat' dir='ltr'>et</span> <span class='ocrx_word' id='word_1_112' title='bbox 1253 980 1427 1027; x_wconf 91' lang='lat' dir='ltr'>tempus</span> <span class='ocrx_word' id='word_1_113' title='bbox 1465 973 1629 1030; x_wconf 65' lang='lat' dir='ltr'>relcipit</span> <span class='ocrx_word' id='word_1_114' title='bbox 1648 986 1725 1017; x_wconf 79' lang='lat' dir='ltr'>40a</span> <span class='ocrx_word' id='word_1_115' title='bbox 1746 986 1773 1007; x_wconf 56' lang='lat'>¹2</span> 
     </span>
     <span class='ocr_line' id='line_1_17' title="bbox 99 1041 1631 1096; baseline 0.001 -16"><span class='ocrx_word' id='word_1_116' title='bbox 99 1041 216 1094; x_wconf 87' lang='lat' dir='ltr'>prius</span> <span class='ocrx_word' id='word_1_117' title='bbox 250 1048 293 1082; x_wconf 91' lang='lat' dir='ltr'>et</span> <span class='ocrx_word' id='word_1_118' title='bbox 329 1041 544 1094; x_wconf 88' lang='lat' dir='ltr'>posterius</span> <span class='ocrx_word' id='word_1_119' title='bbox 577 1055 602 1082; x_wconf 91' lang='lat' dir='ltr'>a</span> <span class='ocrx_word' id='word_1_120' title='bbox 636 1048 772 1093; x_wconf 88' lang='lat' dir='ltr'>motu,</span> <span class='ocrx_word' id='word_1_121' title='bbox 807 1048 849 1082; x_wconf 89' lang='lat' dir='ltr'>et</span> <span class='ocrx_word' id='word_1_122' title='bbox 883 1041 943 1083; x_wconf 87' lang='lat' dir='ltr'>sic</span> <span class='ocrx_word' id='word_1_123' title='bbox 981 1049 1124 1083; x_wconf 90' lang='lat' dir='ltr'>motus</span> <span class='ocrx_word' id='word_1_124' title='bbox 1167 1044 1513 1096; x_wconf 83' lang='lat' dir='ltr'>magnitudinem</span> <span class='ocrx_word' id='word_1_125' title='bbox 1555 1057 1631 1083; x_wconf 82' lang='lat' dir='ltr'>sue</span> 
     </span>
     <span class='ocr_line' id='line_1_18' title="bbox 98 1110 1629 1165; baseline 0.003 -16"><span class='ocrx_word' id='word_1_126' title='bbox 98 1110 288 1151; x_wconf 88' lang='lat' dir='ltr'>essencie</span> <span class='ocrx_word' id='word_1_127' title='bbox 318 1110 451 1151; x_wconf 89' lang='lat' dir='ltr'>habet</span> <span class='ocrx_word' id='word_1_128' title='bbox 479 1124 505 1150; x_wconf 90' lang='lat' dir='ltr'>a</span> <span class='ocrx_word' id='word_1_129' title='bbox 531 1110 835 1164; x_wconf 85' lang='lat' dir='ltr'>magnitudine</span> <span class='ocrx_word' id='word_1_130' title='bbox 865 1111 1012 1164; x_wconf 85' lang='lat' dir='ltr'>spacii,</span> <span class='ocrx_word' id='word_1_131' title='bbox 1036 1117 1079 1151; x_wconf 92' lang='lat' dir='ltr'>et</span> <span class='ocrx_word' id='word_1_132' title='bbox 1107 1118 1280 1165; x_wconf 91' lang='lat' dir='ltr'>tempus</span> <span class='ocrx_word' id='word_1_133' title='bbox 1309 1126 1333 1152; x_wconf 90' lang='lat' dir='ltr'>a</span> <span class='ocrx_word' id='word_1_134' title='bbox 1363 1118 1498 1162; x_wconf 88' lang='lat' dir='ltr'>motu,</span> <span class='ocrx_word' id='word_1_135' title='bbox 1519 1112 1629 1153; x_wconf 88' lang='lat' dir='ltr'>sicut</span> 
     </span>
     <span class='ocr_line' id='line_1_19' title="bbox 98 1177 1627 1234; baseline 0.001 -15"><span class='ocrx_word' id='word_1_136' title='bbox 98 1178 297 1219; x_wconf 88' lang='lat' dir='ltr'>accidens</span> <span class='ocrx_word' id='word_1_137' title='bbox 319 1192 345 1219; x_wconf 94' lang='lat' dir='ltr'>a</span> <span class='ocrx_word' id='word_1_138' title='bbox 367 1177 567 1230; x_wconf 89' lang='lat' dir='ltr'>subjecto</span> <span class='ocrx_word' id='word_1_139' title='bbox 588 1192 596 1227; x_wconf 90' lang='lat'>;</span> <span class='ocrx_word' id='word_1_140' title='bbox 628 1184 671 1219; x_wconf 93' lang='lat' dir='ltr'>et</span> <span class='ocrx_word' id='word_1_141' title='bbox 688 1178 747 1218; x_wconf 90' lang='lat' dir='ltr'>sic</span> <span class='ocrx_word' id='word_1_142' title='bbox 772 1185 916 1219; x_wconf 87' lang='lat' dir='ltr'>motus</span> <span class='ocrx_word' id='word_1_143' title='bbox 931 1186 997 1220; x_wconf 90' lang='lat' dir='ltr'>est</span> <span class='ocrx_word' id='word_1_144' title='bbox 1014 1187 1226 1232; x_wconf 91' lang='lat' dir='ltr'>quantum</span> <span class='ocrx_word' id='word_1_145' title='bbox 1250 1193 1327 1233; x_wconf 91' lang='lat' dir='ltr'>per</span> <span class='ocrx_word' id='word_1_146' title='bbox 1348 1194 1394 1221; x_wconf 92' lang='lat' dir='ltr'>se</span> <span class='ocrx_word' id='word_1_147' title='bbox 1411 1186 1454 1222; x_wconf 92' lang='lat' dir='ltr'>et</span> <span class='ocrx_word' id='word_1_148' title='bbox 1472 1181 1627 1234; x_wconf 89' lang='lat' dir='ltr'>primo,</span> 
     </span>
     <span class='ocr_line' id='line_1_20' title="bbox 100 1246 1627 1302; baseline 0.001 -15"><span class='ocrx_word' id='word_1_149' title='bbox 100 1252 297 1300; x_wconf 88' lang='lat' dir='ltr'>respectu</span> <span class='ocrx_word' id='word_1_150' title='bbox 320 1247 540 1299; x_wconf 90' lang='lat' dir='ltr'>temporis,</span> <span class='ocrx_word' id='word_1_151' title='bbox 563 1252 606 1286; x_wconf 92' lang='lat' dir='ltr'>et</span> <span class='ocrx_word' id='word_1_152' title='bbox 627 1246 823 1300; x_wconf 88' lang='lat' dir='ltr'>spacium</span> <span class='ocrx_word' id='word_1_153' title='bbox 847 1254 1044 1299; x_wconf 87' lang='lat' dir='ltr'>respectu</span> <span class='ocrx_word' id='word_1_154' title='bbox 1069 1253 1212 1289; x_wconf 91' lang='lat' dir='ltr'>motus</span> <span class='ocrx_word' id='word_1_155' title='bbox 1234 1255 1299 1290; x_wconf 90' lang='lat' dir='ltr'>est</span> <span class='ocrx_word' id='word_1_156' title='bbox 1322 1249 1463 1301; x_wconf 89' lang='lat' dir='ltr'>primo</span> <span class='ocrx_word' id='word_1_157' title='bbox 1485 1256 1527 1290; x_wconf 93' lang='lat' dir='ltr'>et</span> <span class='ocrx_word' id='word_1_158' title='bbox 1551 1263 1627 1302; x_wconf 88' lang='lat' dir='ltr'>per</span> 
     </span>
     <span class='ocr_line' id='line_1_21' title="bbox 98 1315 1627 1371; baseline 0.001 -15"><span class='ocrx_word' id='word_1_159' title='bbox 98 1329 143 1356; x_wconf 91' lang='lat' dir='ltr'>se</span> <span class='ocrx_word' id='word_1_160' title='bbox 165 1321 390 1368; x_wconf 86' lang='lat' dir='ltr'>quantum,</span> <span class='ocrx_word' id='word_1_161' title='bbox 413 1321 458 1355; x_wconf 89' lang='lat' dir='ltr'>et</span> <span class='ocrx_word' id='word_1_162' title='bbox 479 1315 539 1355; x_wconf 86' lang='lat' dir='ltr'>sic</span> <span class='ocrx_word' id='word_1_163' title='bbox 561 1315 748 1356; x_wconf 90' lang='lat' dir='ltr'>intendit</span> <span class='ocrx_word' id='word_1_164' title='bbox 770 1315 1032 1356; x_wconf 86' lang='lat' dir='ltr'>Aristoteles</span> <span class='ocrx_word' id='word_1_165' title='bbox 1056 1317 1099 1356; x_wconf 92' lang='lat' dir='ltr'>in</span> <span class='ocrx_word' id='word_1_166' title='bbox 1128 1318 1279 1369; x_wconf 85' lang='lat' dir='ltr'>quinto</span> <span class='ocrx_word' id='word_1_167' title='bbox 1301 1317 1627 1371; x_wconf 73' lang='lat' dir='ltr'>Metlzaplcz&#39;sz&#39;ce.</span> 
     </span>
     <span class='ocr_line' id='line_1_22' title="bbox 101 1383 1624 1439; baseline 0.001 -14"><span class='ocrx_word' id='word_1_168' title='bbox 101 1384 178 1425; x_wconf 84' lang='lat' dir='ltr'>Set</span> <span class='ocrx_word' id='word_1_169' title='bbox 218 1391 368 1425; x_wconf 90' lang='lat' dir='ltr'>tamen</span> <span class='ocrx_word' id='word_1_170' title='bbox 406 1384 441 1423; x_wconf 93' lang='lat' dir='ltr'>si</span> <span class='ocrx_word' id='word_1_171' title='bbox 483 1383 807 1424; x_wconf 86' lang='lat' dir='ltr'>consideremus</span> <span class='ocrx_word' id='word_1_172' title='bbox 847 1398 994 1424; x_wconf 87' lang='lat' dir='ltr'>veram</span> <span class='ocrx_word' id='word_1_173' title='bbox 1038 1392 1237 1426; x_wconf 88' lang='lat' dir='ltr'>naturam</span> <span class='ocrx_word' id='word_1_174' title='bbox 1279 1387 1549 1439; x_wconf 87' lang='lat' dir='ltr'>quantitatis,</span> <span class='ocrx_word' id='word_1_175' title='bbox 1581 1393 1624 1426; x_wconf 88' lang='grc' dir='ltr'>θῖ</span> 
     </span>
     <span class='ocr_line' id='line_1_23' title="bbox 100 1453 1627 1508; baseline 0.001 -14"><span class='ocrx_word' id='word_1_176' title='bbox 100 1460 285 1505; x_wconf 89' lang='lat' dir='ltr'>tempus,</span> <span class='ocrx_word' id='word_1_177' title='bbox 332 1453 374 1492; x_wconf 92' lang='lat' dir='ltr'>in</span> <span class='ocrx_word' id='word_1_178' title='bbox 425 1458 637 1505; x_wconf 90' lang='lat' dir='ltr'>quantum</span> <span class='ocrx_word' id='word_1_179' title='bbox 687 1458 752 1493; x_wconf 86' lang='lat' dir='ltr'>est</span> <span class='ocrx_word' id='word_1_180' title='bbox 799 1465 1003 1494; x_wconf 89' lang='lat' dir='ltr'>mensura</span> <span class='ocrx_word' id='word_1_181' title='bbox 1049 1460 1205 1502; x_wconf 90' lang='lat' dir='ltr'>motus,</span> <span class='ocrx_word' id='word_1_182' title='bbox 1248 1455 1432 1496; x_wconf 88' lang='lat' dir='ltr'>reddens</span> <span class='ocrx_word' id='word_1_183' title='bbox 1484 1455 1627 1508; x_wconf 89' lang='lat' dir='ltr'>ipsum</span> 
     </span>
    </p>
   </div>
   <div class='ocr_carea' id='block_1_8' title="bbox 41 1519 1625 1574">
    <p class='ocr_par' dir='ltr' id='par_1_9' title="bbox 41 1519 1625 1574">
     <span class='ocr_line' id='line_1_24' title="bbox 41 1519 1625 1574; baseline 0.001 -12"><span class='ocrx_word' id='word_1_184' title='bbox 41 1535 55 1555; x_wconf 78' lang='lat'>2</span> <span class='ocrx_word' id='word_1_185' title='bbox 99 1520 300 1574; x_wconf 90' lang='lat' dir='ltr'>equalem</span> <span class='ocrx_word' id='word_1_186' title='bbox 342 1520 410 1561; x_wconf 86' lang='lat' dir='ltr'>vel</span> <span class='ocrx_word' id='word_1_187' title='bbox 458 1519 717 1573; x_wconf 86' lang='lat' dir='ltr'>inequalem,</span> <span class='ocrx_word' id='word_1_188' title='bbox 765 1526 809 1561; x_wconf 91' lang='lat' dir='ltr'>et</span> <span class='ocrx_word' id='word_1_189' title='bbox 858 1527 1029 1562; x_wconf 91' lang='lat' dir='ltr'>motum</span> <span class='ocrx_word' id='word_1_190' title='bbox 1080 1535 1168 1562; x_wconf 92' lang='lat' dir='ltr'>non</span> <span class='ocrx_word' id='word_1_191' title='bbox 1220 1523 1461 1564; x_wconf 90' lang='lat' dir='ltr'>secundum</span> <span class='ocrx_word' id='word_1_192' title='bbox 1501 1536 1625 1564; x_wconf 90' lang='lat' dir='ltr'>suam</span> 
     </span>
    </p>
   </div>
   <div class='ocr_carea' id='block_1_9' title="bbox 97 1589 1631 1849">
    <p class='ocr_par' dir='ltr' id='par_1_10' title="bbox 97 1589 1631 1849">
     <span class='ocr_line' id='line_1_25' title="bbox 98 1589 1629 1642; baseline 0.001 -12"><span class='ocrx_word' id='word_1_193' title='bbox 98 1590 392 1630; x_wconf 85' lang='lat' dir='ltr'>substanciam</span> <span class='ocrx_word' id='word_1_194' title='bbox 435 1589 510 1629; x_wconf 92' lang='lat' dir='ltr'>sed</span> <span class='ocrx_word' id='word_1_195' title='bbox 553 1589 791 1629; x_wconf 89' lang='lat' dir='ltr'>secundum</span> <span class='ocrx_word' id='word_1_196' title='bbox 835 1590 952 1642; x_wconf 90' lang='lat' dir='ltr'>quod</span> <span class='ocrx_word' id='word_1_197' title='bbox 989 1595 1055 1630; x_wconf 89' lang='lat' dir='ltr'>est</span> <span class='ocrx_word' id='word_1_198' title='bbox 1088 1590 1298 1639; x_wconf 85' lang='lat' dir='ltr'>durabile,</span> <span class='ocrx_word' id='word_1_199' title='bbox 1334 1598 1377 1632; x_wconf 91' lang='lat' dir='ltr'>et</span> <span class='ocrx_word' id='word_1_200' title='bbox 1414 1591 1474 1632; x_wconf 88' lang='lat' dir='ltr'>ita</span> <span class='ocrx_word' id='word_1_201' title='bbox 1508 1605 1629 1632; x_wconf 90' lang='lat' dir='ltr'>men-</span> 
     </span>
     <span class='ocr_line' id='line_1_26' title="bbox 99 1658 1630 1712; baseline 0.001 -14"><span class='ocrx_word' id='word_1_202' title='bbox 99 1658 336 1698; x_wconf 82' lang='lat' dir='ltr'>surandum</span> <span class='ocrx_word' id='word_1_203' title='bbox 367 1664 577 1710; x_wconf 88' lang='lat' dir='ltr'>tempore,</span> <span class='ocrx_word' id='word_1_204' title='bbox 608 1658 668 1698; x_wconf 89' lang='lat' dir='ltr'>sic</span> <span class='ocrx_word' id='word_1_205' title='bbox 701 1665 816 1698; x_wconf 86' lang='lat' dir='ltr'>certe</span> <span class='ocrx_word' id='word_1_206' title='bbox 846 1664 1022 1710; x_wconf 89' lang='lat' dir='ltr'>tempus</span> <span class='ocrx_word' id='word_1_207' title='bbox 1051 1664 1114 1699; x_wconf 88' lang='lat' dir='ltr'>est</span> <span class='ocrx_word' id='word_1_208' title='bbox 1146 1659 1369 1712; x_wconf 85' lang='lat' dir='ltr'>quantitas</span> <span class='ocrx_word' id='word_1_209' title='bbox 1395 1673 1472 1712; x_wconf 89' lang='lat' dir='ltr'>per</span> <span class='ocrx_word' id='word_1_210' title='bbox 1497 1673 1553 1710; x_wconf 85' lang='lat' dir='ltr'>se,</span> <span class='ocrx_word' id='word_1_211' title='bbox 1586 1666 1630 1700; x_wconf 88' lang='lat' dir='ltr'>et</span> 
     </span>
     <span class='ocr_line' id='line_1_27' title="bbox 100 1727 1629 1780; baseline 0.001 -13"><span class='ocrx_word' id='word_1_212' title='bbox 100 1732 244 1767; x_wconf 89' lang='lat' dir='ltr'>motus</span> <span class='ocrx_word' id='word_1_213' title='bbox 285 1727 442 1768; x_wconf 87' lang='lat' dir='ltr'>dicitur</span> <span class='ocrx_word' id='word_1_214' title='bbox 482 1727 538 1767; x_wconf 91' lang='lat' dir='ltr'>ab</span> <span class='ocrx_word' id='word_1_215' title='bbox 579 1740 629 1767; x_wconf 94' lang='lat' dir='ltr'>eo</span> <span class='ocrx_word' id='word_1_216' title='bbox 674 1732 873 1779; x_wconf 87' lang='lat' dir='ltr'>quantus,</span> <span class='ocrx_word' id='word_1_217' title='bbox 910 1733 953 1767; x_wconf 93' lang='lat' dir='ltr'>et</span> <span class='ocrx_word' id='word_1_218' title='bbox 989 1739 1074 1767; x_wconf 92' lang='lat' dir='ltr'>non</span> <span class='ocrx_word' id='word_1_219' title='bbox 1112 1734 1177 1768; x_wconf 89' lang='lat' dir='ltr'>est</span> <span class='ocrx_word' id='word_1_220' title='bbox 1215 1728 1436 1780; x_wconf 90' lang='lat' dir='ltr'>quantitas</span> <span class='ocrx_word' id='word_1_221' title='bbox 1474 1741 1551 1768; x_wconf 87' lang='lat' dir='ltr'>nec</span> <span class='ocrx_word' id='word_1_222' title='bbox 1589 1729 1629 1768; x_wconf 92' lang='lat' dir='ltr'>in</span> 
     </span>
     <span class='ocr_line' id='line_1_28' title="bbox 97 1795 1631 1849; baseline 0.001 -14"><span class='ocrx_word' id='word_1_223' title='bbox 97 1808 254 1847; x_wconf 90' lang='lat' dir='ltr'>genere</span> <span class='ocrx_word' id='word_1_224' title='bbox 289 1795 568 1847; x_wconf 89' lang='lat' dir='ltr'>quantitatis:</span> <span class='ocrx_word' id='word_1_225' title='bbox 613 1801 690 1844; x_wconf 85' lang='lat' dir='ltr'>set,</span> <span class='ocrx_word' id='word_1_226' title='bbox 725 1802 771 1835; x_wconf 90' lang='lat' dir='ltr'>ut</span> <span class='ocrx_word' id='word_1_227' title='bbox 805 1795 969 1836; x_wconf 88' lang='lat' dir='ltr'>dictum</span> <span class='ocrx_word' id='word_1_228' title='bbox 1004 1801 1080 1841; x_wconf 82' lang='lat' dir='ltr'>est,</span> <span class='ocrx_word' id='word_1_229' title='bbox 1120 1797 1199 1835; x_wconf 89' lang='lat' dir='ltr'>erit</span> <span class='ocrx_word' id='word_1_230' title='bbox 1232 1796 1273 1835; x_wconf 89' lang='lat' dir='ltr'>in</span> <span class='ocrx_word' id='word_1_231' title='bbox 1307 1796 1441 1837; x_wconf 91' lang='lat' dir='ltr'>tercio</span> <span class='ocrx_word' id='word_1_232' title='bbox 1472 1809 1631 1849; x_wconf 88' lang='lat' dir='ltr'>genere</span> 
     </span>
    </p>
   </div>
   <div class='ocr_carea' id='block_1_10' title="bbox 41 1863 334 1916">
    <p class='ocr_par' dir='ltr' id='par_1_11' title="bbox 41 1863 334 1916">
     <span class='ocr_line' id='line_1_29' title="bbox 41 1863 334 1916; baseline -0.007 -11"><span class='ocrx_word' id='word_1_233' title='bbox 41 1875 76 1905; x_wconf 75' lang='lat'>2:</span> <span class='ocrx_word' id='word_1_234' title='bbox 99 1863 334 1916; x_wconf 89' lang='lat' dir='ltr'>qualitatis.</span> 
     </span>
    </p>
   </div>
   <div class='ocr_carea' id='block_1_11' title="bbox 99 1931 1828 2464">
    <p class='ocr_par' dir='ltr' id='par_1_12' title="bbox 99 1931 1828 2464">
     <span class='ocr_line' id='line_1_30' title="bbox 215 1931 1628 1985; baseline -0.001 -12"><span class='ocrx_word' id='word_1_235' title='bbox 215 1931 293 1973; x_wconf 87' lang='lat' dir='ltr'>Set</span> <span class='ocrx_word' id='word_1_236' title='bbox 314 1932 490 1985; x_wconf 88' lang='lat' dir='ltr'>grandis</span> <span class='ocrx_word' id='word_1_237' title='bbox 512 1931 732 1972; x_wconf 91' lang='lat' dir='ltr'>dubitacio</span> <span class='ocrx_word' id='word_1_238' title='bbox 755 1931 891 1971; x_wconf 88' lang='lat' dir='ltr'>oritur</span> <span class='ocrx_word' id='word_1_239' title='bbox 912 1931 991 1981; x_wconf 85' lang='lat' dir='ltr'>hic,</span> <span class='ocrx_word' id='word_1_240' title='bbox 1013 1946 1070 1972; x_wconf 84' lang='lat' dir='ltr'>ex</span> <span class='ocrx_word' id='word_1_241' title='bbox 1102 1932 1228 1972; x_wconf 90' lang='lat' dir='ltr'>dictis</span> <span class='ocrx_word' id='word_1_242' title='bbox 1259 1932 1628 1974; x_wconf 89' lang='lat' dir='ltr'>Commentatoris</span> 
     </span>
     <span class='ocr_line' id='line_1_31' title="bbox 100 1999 1828 2054; baseline 0 -14"><span class='ocrx_word' id='word_1_243' title='bbox 100 2000 304 2052; x_wconf 87' lang='lat' dir='ltr'>Averoys</span> <span class='ocrx_word' id='word_1_244' title='bbox 323 2017 332 2050; x_wconf 89' lang='lat'>;</span> <span class='ocrx_word' id='word_1_245' title='bbox 364 2014 466 2040; x_wconf 91' lang='lat' dir='ltr'>nam</span> <span class='ocrx_word' id='word_1_246' title='bbox 488 2000 599 2040; x_wconf 89' lang='lat' dir='ltr'>sicut</span> <span class='ocrx_word' id='word_1_247' title='bbox 620 2000 663 2039; x_wconf 91' lang='lat' dir='ltr'>in</span> <span class='ocrx_word' id='word_1_248' title='bbox 685 2000 839 2051; x_wconf 89' lang='lat' dir='ltr'>quinto</span> <span class='ocrx_word' id='word_1_249' title='bbox 861 1999 1176 2052; x_wconf 74' lang='lat' dir='ltr'>Methaplzz&#39;sice</span> <span class='ocrx_word' id='word_1_250' title='bbox 1203 2001 1208 2054; x_wconf 91' lang='grc' dir='ltr'>Ι</span> <span class='ocrx_word' id='word_1_251' title='bbox 1236 2000 1327 2042; x_wconf 91' lang='lat' dir='ltr'>vult</span> <span class='ocrx_word' id='word_1_252' title='bbox 1349 2001 1467 2054; x_wconf 88' lang='lat' dir='ltr'>quod</span> <span class='ocrx_word' id='word_1_253' title='bbox 1484 2007 1629 2042; x_wconf 89' lang='lat' dir='ltr'>motus</span> <span class='ocrx_word' id='word_1_254' title='bbox 1651 2009 1686 2040; x_wconf 87' lang='lat' dir='ltr'>F.</span> <span class='ocrx_word' id='word_1_255' title='bbox 1706 2009 1746 2051; x_wconf 87' lang='lat'>96</span> <span class='ocrx_word' id='word_1_256' title='bbox 1763 2021 1781 2040; x_wconf 81' lang='lat' dir='ltr'>a</span> <span class='ocrx_word' id='word_1_257' title='bbox 1801 2019 1828 2040; x_wconf 88' lang='lat'>2.</span> 
     </span>
     <span class='ocr_line' id='line_1_32' title="bbox 102 2067 1630 2121; baseline 0.002 -14"><span class='ocrx_word' id='word_1_258' title='bbox 102 2069 157 2108; x_wconf 84' lang='lat' dir='ltr'>sit</span> <span class='ocrx_word' id='word_1_259' title='bbox 192 2082 295 2109; x_wconf 89' lang='lat' dir='ltr'>vera</span> <span class='ocrx_word' id='word_1_260' title='bbox 343 2068 509 2121; x_wconf 90' lang='lat' dir='ltr'>species</span> <span class='ocrx_word' id='word_1_261' title='bbox 557 2068 826 2120; x_wconf 76' lang='lat' dir='ltr'>quantitatis,</span> <span class='ocrx_word' id='word_1_262' title='bbox 867 2069 925 2108; x_wconf 91' lang='lat' dir='ltr'>sic</span> <span class='ocrx_word' id='word_1_263' title='bbox 969 2067 1061 2108; x_wconf 91' lang='lat' dir='ltr'>vult</span> <span class='ocrx_word' id='word_1_264' title='bbox 1102 2068 1171 2109; x_wconf 90' lang='lat' dir='ltr'>hic</span> <span class='ocrx_word' id='word_1_265' title='bbox 1213 2070 1330 2121; x_wconf 90' lang='lat' dir='ltr'>quod</span> <span class='ocrx_word' id='word_1_266' title='bbox 1378 2075 1523 2110; x_wconf 90' lang='lat' dir='ltr'>motus</span> <span class='ocrx_word' id='word_1_267' title='bbox 1565 2076 1630 2111; x_wconf 92' lang='lat' dir='ltr'>est</span> 
     </span>
     <span class='ocr_line' id='line_1_33' title="bbox 99 2136 1630 2191; baseline 0.001 -14"><span class='ocrx_word' id='word_1_268' title='bbox 99 2136 294 2189; x_wconf 86' lang='lat' dir='ltr'>ejusdem</span> <span class='ocrx_word' id='word_1_269' title='bbox 337 2136 529 2176; x_wconf 88' lang='lat' dir='ltr'>essencie</span> <span class='ocrx_word' id='word_1_270' title='bbox 569 2142 613 2176; x_wconf 89' lang='lat' dir='ltr'>et</span> <span class='ocrx_word' id='word_1_271' title='bbox 646 2142 797 2176; x_wconf 89' lang='lat' dir='ltr'>nature</span> <span class='ocrx_word' id='word_1_272' title='bbox 838 2149 937 2176; x_wconf 89' lang='lat' dir='ltr'>cum</span> <span class='ocrx_word' id='word_1_273' title='bbox 979 2137 1167 2177; x_wconf 89' lang='lat' dir='ltr'>termino</span> <span class='ocrx_word' id='word_1_274' title='bbox 1204 2138 1260 2178; x_wconf 91' lang='lat' dir='ltr'>ad</span> <span class='ocrx_word' id='word_1_275' title='bbox 1296 2151 1427 2191; x_wconf 91' lang='lat' dir='ltr'>quem</span> <span class='ocrx_word' id='word_1_276' title='bbox 1465 2145 1544 2189; x_wconf 88' lang='lat' dir='ltr'>est,</span> <span class='ocrx_word' id='word_1_277' title='bbox 1584 2145 1630 2179; x_wconf 91' lang='lat' dir='ltr'>ut</span> 
     </span>
     <span class='ocr_line' id='line_1_34' title="bbox 103 2205 1630 2260; baseline 0.001 -15"><span class='ocrx_word' id='word_1_278' title='bbox 103 2212 247 2246; x_wconf 90' lang='lat' dir='ltr'>motus</span> <span class='ocrx_word' id='word_1_279' title='bbox 294 2205 337 2245; x_wconf 92' lang='lat' dir='ltr'>in</span> <span class='ocrx_word' id='word_1_280' title='bbox 379 2205 629 2246; x_wconf 87' lang='lat' dir='ltr'>substancia</span> <span class='ocrx_word' id='word_1_281' title='bbox 681 2210 745 2245; x_wconf 88' lang='lat' dir='ltr'>est</span> <span class='ocrx_word' id='word_1_282' title='bbox 791 2205 1051 2255; x_wconf 89' lang='lat' dir='ltr'>substancia,</span> <span class='ocrx_word' id='word_1_283' title='bbox 1100 2212 1245 2246; x_wconf 86' lang='lat' dir='ltr'>motus</span> <span class='ocrx_word' id='word_1_284' title='bbox 1294 2207 1335 2246; x_wconf 89' lang='lat' dir='ltr'>in</span> <span class='ocrx_word' id='word_1_285' title='bbox 1383 2207 1630 2260; x_wconf 89' lang='lat' dir='ltr'>quantitate</span> 
     </span>
     <span class='ocr_line' id='line_1_35' title="bbox 101 2273 1629 2329; baseline 0.001 -15"><span class='ocrx_word' id='word_1_286' title='bbox 101 2274 333 2326; x_wconf 72' lang='lat' dir='ltr'>quantitas</span> <span class='ocrx_word' id='word_1_287' title='bbox 411 2273 489 2315; x_wconf 86' lang='lat' dir='ltr'>Set</span> <span class='ocrx_word' id='word_1_288' title='bbox 520 2274 630 2314; x_wconf 91' lang='lat' dir='ltr'>sicut</span> <span class='ocrx_word' id='word_1_289' title='bbox 663 2273 917 2326; x_wconf 89' lang='lat' dir='ltr'>inpossibile</span> <span class='ocrx_word' id='word_1_290' title='bbox 949 2280 1014 2314; x_wconf 93' lang='lat' dir='ltr'>est</span> <span class='ocrx_word' id='word_1_291' title='bbox 1048 2274 1210 2315; x_wconf 90' lang='lat' dir='ltr'>dictum</span> <span class='ocrx_word' id='word_1_292' title='bbox 1244 2288 1370 2316; x_wconf 92' lang='lat' dir='ltr'>suum</span> <span class='ocrx_word' id='word_1_293' title='bbox 1403 2276 1445 2315; x_wconf 91' lang='lat' dir='ltr'>in</span> <span class='ocrx_word' id='word_1_294' title='bbox 1475 2276 1629 2329; x_wconf 91' lang='lat' dir='ltr'>quinto</span> 
     </span>
     <span class='ocr_line' id='line_1_36' title="bbox 101 2341 1630 2395; baseline 0.002 -13"><span class='ocrx_word' id='word_1_295' title='bbox 101 2341 423 2395; x_wconf 68' lang='lat' dir='ltr'>Methaplcz&#39;sice,</span> <span class='ocrx_word' id='word_1_296' title='bbox 445 2342 505 2382; x_wconf 89' lang='lat' dir='ltr'>sic</span> <span class='ocrx_word' id='word_1_297' title='bbox 527 2341 609 2392; x_wconf 88' lang='lat' dir='ltr'>hic,</span> <span class='ocrx_word' id='word_1_298' title='bbox 631 2348 674 2382; x_wconf 91' lang='lat' dir='ltr'>et</span> <span class='ocrx_word' id='word_1_299' title='bbox 697 2342 836 2395; x_wconf 87' lang='lat' dir='ltr'>magis</span> <span class='ocrx_word' id='word_1_300' title='bbox 859 2341 1112 2395; x_wconf 90' lang='lat' dir='ltr'>inpossibile</span> <span class='ocrx_word' id='word_1_301' title='bbox 1130 2357 1138 2391; x_wconf 93' lang='lat'>;</span> <span class='ocrx_word' id='word_1_302' title='bbox 1169 2349 1212 2383; x_wconf 94' lang='lat' dir='ltr'>et</span> <span class='ocrx_word' id='word_1_303' title='bbox 1241 2342 1319 2383; x_wconf 92' lang='lat' dir='ltr'>hec</span> <span class='ocrx_word' id='word_1_304' title='bbox 1341 2344 1430 2384; x_wconf 92' lang='lat' dir='ltr'>duo</span> <span class='ocrx_word' id='word_1_305' title='bbox 1453 2350 1553 2385; x_wconf 91' lang='lat' dir='ltr'>sunt</span> <span class='ocrx_word' id='word_1_306' title='bbox 1575 2345 1630 2385; x_wconf 87' lang='lat' dir='ltr'>de</span> 
     </span>
     <span class='ocr_line' id='line_1_37' title="bbox 101 2409 1629 2464; baseline 0.002 -14"><span class='ocrx_word' id='word_1_307' title='bbox 101 2411 315 2451; x_wconf 86' lang='lat' dir='ltr'>erroribus</span> <span class='ocrx_word' id='word_1_308' title='bbox 336 2411 423 2451; x_wconf 91' lang='lat' dir='ltr'>suis</span> <span class='ocrx_word' id='word_1_309' title='bbox 446 2411 625 2463; x_wconf 85' lang='lat' dir='ltr'>magnis,</span> <span class='ocrx_word' id='word_1_310' title='bbox 642 2409 744 2450; x_wconf 91' lang='lat' dir='ltr'>licet</span> <span class='ocrx_word' id='word_1_311' title='bbox 767 2411 878 2450; x_wconf 90' lang='lat' dir='ltr'>enim</span> <span class='ocrx_word' id='word_1_312' title='bbox 905 2411 946 2449; x_wconf 92' lang='lat' dir='ltr'>in</span> <span class='ocrx_word' id='word_1_313' title='bbox 971 2410 1117 2450; x_wconf 88' lang='lat' dir='ltr'>multis</span> <span class='ocrx_word' id='word_1_314' title='bbox 1140 2411 1255 2452; x_wconf 92' lang='lat' dir='ltr'>dicat</span> <span class='ocrx_word' id='word_1_315' title='bbox 1278 2413 1458 2464; x_wconf 88' lang='lat' dir='ltr'>optime,</span> <span class='ocrx_word' id='word_1_316' title='bbox 1481 2418 1629 2453; x_wconf 91' lang='lat' dir='ltr'>tamen</span> 
     </span>
    </p>
   </div>
   <div class='ocr_carea' id='block_1_12' title="bbox 103 2542 1631 2762">
    <p class='ocr_par' dir='ltr' id='par_1_13' title="bbox 103 2542 1631 2762">
     <span class='ocr_line' id='line_1_38' title="bbox 147 2542 1381 2584; baseline 0.002 -10"><span class='ocrx_word' id='word_1_317' title='bbox 147 2553 168 2583; x_wconf 91' lang='lat'>9</span> <span class='ocrx_word' id='word_1_318' title='bbox 190 2543 445 2584; x_wconf 82' lang='lat' dir='ltr'>Phisieorum]</span> <span class='ocrx_word' id='word_1_319' title='bbox 462 2543 502 2575; x_wconf 93' lang='lat' dir='ltr'>iv.</span> <span class='ocrx_word' id='word_1_320' title='bbox 520 2553 564 2583; x_wconf 92' lang='lat'>99</span> <span class='ocrx_word' id='word_1_321' title='bbox 575 2552 647 2582; x_wconf 89' lang='lat' dir='ltr'>sqq.</span> <span class='ocrx_word' id='word_1_322' title='bbox 781 2552 821 2581; x_wconf 91' lang='lat'>27</span> <span class='ocrx_word' id='word_1_323' title='bbox 846 2542 1031 2584; x_wconf 82' lang='lat' dir='ltr'>Averoys]</span> <span class='ocrx_word' id='word_1_324' title='bbox 1049 2553 1136 2575; x_wconf 89' lang='lat' dir='ltr'>com.</span> <span class='ocrx_word' id='word_1_325' title='bbox 1154 2553 1228 2583; x_wconf 85' lang='lat' dir='ltr'>sup.</span> <span class='ocrx_word' id='word_1_326' title='bbox 1246 2543 1307 2576; x_wconf 86' lang='lat' dir='ltr'>loc.</span> <span class='ocrx_word' id='word_1_327' title='bbox 1325 2544 1381 2576; x_wconf 91' lang='lat' dir='ltr'>cit.</span> 
     </span>
     <span class='ocr_line' id='line_1_39' title="bbox 150 2667 1630 2710; baseline 0.001 -11"><span class='ocrx_word' id='word_1_328' title='bbox 150 2679 163 2699; x_wconf 95' lang='lat'>1</span> <span class='ocrx_word' id='word_1_329' title='bbox 188 2679 270 2700; x_wconf 89' lang='lat' dir='ltr'>vera</span> <span class='ocrx_word' id='word_1_330' title='bbox 285 2680 352 2700; x_wconf 86' lang='lat' dir='ltr'>om.</span> <span class='ocrx_word' id='word_1_331' title='bbox 369 2669 403 2699; x_wconf 88' lang='lat' dir='ltr'><em>F</em></span> <span class='ocrx_word' id='word_1_332' title='bbox 497 2679 517 2707; x_wconf 86' lang='lat'>4</span> <span class='ocrx_word' id='word_1_333' title='bbox 540 2668 702 2709; x_wconf 87' lang='lat' dir='ltr'>quantus]</span> <span class='ocrx_word' id='word_1_334' title='bbox 720 2672 882 2708; x_wconf 89' lang='lat' dir='ltr'>quantum</span> <span class='ocrx_word' id='word_1_335' title='bbox 900 2668 931 2698; x_wconf 91' lang='lat' dir='ltr'><em>F</em></span> <span class='ocrx_word' id='word_1_336' title='bbox 1027 2677 1066 2698; x_wconf 93' lang='lat'>10</span> <span class='ocrx_word' id='word_1_337' title='bbox 1088 2667 1207 2709; x_wconf 82' lang='lat' dir='ltr'>super]</span> <span class='ocrx_word' id='word_1_338' title='bbox 1226 2678 1362 2708; x_wconf 81' lang='lat' dir='ltr'>semper</span> <span class='ocrx_word' id='word_1_339' title='bbox 1378 2669 1411 2699; x_wconf 90' lang='lat' dir='ltr'><em>D</em></span> <span class='ocrx_word' id='word_1_340' title='bbox 1515 2680 1550 2700; x_wconf 89' lang='lat'>11</span> <span class='ocrx_word' id='word_1_341' title='bbox 1577 2669 1630 2710; x_wconf 79' lang='lat' dir='ltr'>fit]</span> 
     </span>
     <span class='ocr_line' id='line_1_40' title="bbox 103 2719 1631 2762; baseline 0.001 -10"><span class='ocrx_word' id='word_1_342' title='bbox 103 2721 146 2752; x_wconf 87' lang='lat' dir='ltr'>sit</span> <span class='ocrx_word' id='word_1_343' title='bbox 163 2721 197 2752; x_wconf 90' lang='lat' dir='ltr'><em>F</em></span> <span class='ocrx_word' id='word_1_344' title='bbox 333 2731 371 2760; x_wconf 89' lang='lat'>13</span> <span class='ocrx_word' id='word_1_345' title='bbox 394 2725 505 2752; x_wconf 87' lang='lat' dir='ltr'>motus</span> <span class='ocrx_word' id='word_1_346' title='bbox 521 2731 586 2751; x_wconf 87' lang='lat' dir='ltr'>om.</span> <span class='ocrx_word' id='word_1_347' title='bbox 605 2720 638 2751; x_wconf 89' lang='lat' dir='ltr'><em>F</em></span> <span class='ocrx_word' id='word_1_348' title='bbox 773 2730 812 2750; x_wconf 86' lang='lat'>21</span> <span class='ocrx_word' id='word_1_349' title='bbox 838 2720 927 2759; x_wconf 88' lang='lat' dir='ltr'>quod</span> <span class='ocrx_word' id='word_1_350' title='bbox 945 2719 1013 2760; x_wconf 90' lang='lat' dir='ltr'>est]</span> <span class='ocrx_word' id='word_1_351' title='bbox 1031 2729 1107 2751; x_wconf 83' lang='lat' dir='ltr'>esse</span> <span class='ocrx_word' id='word_1_352' title='bbox 1124 2719 1159 2750; x_wconf 88' lang='lat' dir='ltr'><em>D</em></span> <span class='ocrx_word' id='word_1_353' title='bbox 1300 2731 1341 2759; x_wconf 82' lang='lat'>24</span> <span class='ocrx_word' id='word_1_354' title='bbox 1366 2722 1470 2753; x_wconf 84' lang='lat' dir='ltr'>tercio</span> <span class='ocrx_word' id='word_1_355' title='bbox 1488 2722 1631 2762; x_wconf 84' lang='lat' dir='ltr'>genere]</span> 
     </span>
    </p>
   </div>
   <div class='ocr_carea' id='block_1_13' title="bbox 104 2771 878 2812">
    <p class='ocr_par' dir='ltr' id='par_1_14' title="bbox 104 2771 878 2812">
     <span class='ocr_line' id='line_1_41' title="bbox 104 2771 878 2812; baseline -0.001 -9"><span class='ocrx_word' id='word_1_356' title='bbox 104 2771 211 2803; x_wconf 84' lang='lat' dir='ltr'>tercia</span> <span class='ocrx_word' id='word_1_357' title='bbox 227 2771 341 2812; x_wconf 85' lang='lat' dir='ltr'>speeie</span> <span class='ocrx_word' id='word_1_358' title='bbox 357 2772 390 2802; x_wconf 87' lang='lat' dir='ltr'><em>F</em></span> <span class='ocrx_word' id='word_1_359' title='bbox 516 2782 559 2811; x_wconf 87' lang='lat'>29</span> <span class='ocrx_word' id='word_1_360' title='bbox 582 2777 616 2803; x_wconf 91' lang='lat' dir='ltr'>et</span> <span class='ocrx_word' id='word_1_361' title='bbox 633 2771 768 2812; x_wconf 88' lang='lat' dir='ltr'>nature]</span> <span class='ocrx_word' id='word_1_362' title='bbox 786 2782 829 2802; x_wconf 88' lang='lat' dir='ltr'>ne</span> <span class='ocrx_word' id='word_1_363' title='bbox 847 2772 878 2802; x_wconf 89' lang='lat' dir='ltr'><em>F</em></span> 
     </span>
    </p>
   </div>
  </div>
 </body>
</html>
