1898 3126
824 114 901 156 293

104 218 215 258 sicut
250 217 508 270 principiata
545 224 587 256 et
624 217 799 270 species,
838 230 968 270 quare
1002 225 1314 271 componentur
1349 232 1404 258 ex
1442 219 1620 260 materia

104 293 147 327 et
169 285 321 326 forma.

165 355 288 402 Item,
325 354 359 394 si
396 353 640 394 substancia
676 354 907 407 spiritualis
939 369 1026 396 non
1058 355 1112 394 sit
1155 356 1319 408 species
1361 355 1619 404 substancic,

104 430 206 464 tunc
241 436 327 464 non
366 421 439 463 fiet
472 422 626 463 divisio
661 422 971 476 generalissimi
1010 423 1051 463 in
1083 424 1258 476 species.
1320 424 1435 463 Nam
1473 432 1620 465 contra

69 491 397 542 5substanciam
432 490 699 545 corporalem
731 504 816 531 non
853 492 969 533 cadit
1000 492 1164 545 aliquid
1201 493 1243 532 in
1285 492 1495 532 divisione
1536 493 1614 532 nisi

105 560 351 601 substancia
376 559 623 613 spiritualis.
684 560 888 600 Ceterum
921 561 979 600 sic
1012 561 1125 600 idem
1154 566 1266 601 esset
1298 561 1545 601 substancia
1577 562 1618 600 in

105 628 327 670 communi
350 635 393 669 et
415 642 583 681 corpus,
599 635 642 669 et
664 635 765 669 tunc
782 642 937 681 corpus
959 636 1073 670 esset
1094 643 1229 683 genus
1246 629 1617 684 generalissimum

106 697 148 737 in
181 697 508 749 predicamento
550 698 808 746 substancie,
845 698 961 750 quod
999 705 1063 738 est
1104 699 1339 738 absurdum
1381 704 1424 739 et
1466 704 1616 738 contra

104 766 389 807 Aristotelem
411 772 453 806 et
476 779 636 807 omnes.
690 767 815 815 Item,
833 767 1093 819 composicio
1115 767 1253 819 prima
1278 773 1342 807 est
1363 781 1418 807 ex
1442 767 1620 807 materia

49 852 87 874 10
105 841 148 875 et
171 833 320 884 forma,
345 842 387 876 et
409 835 672 888 composicio
694 835 882 876 secunda
914 849 970 875 ex
1003 823 1199 888 subjecto
1220 842 1262 876 et
1285 836 1504 876 accidente
1535 849 1619 888 que

105 910 273 944 creatur
294 918 350 944 ex
367 904 507 958 prima
529 904 864 956 composicione,
883 904 984 956 quia
1007 905 1187 945 materia
1209 918 1306 945 cum
1330 904 1467 944 forma
1489 917 1619 944 causa

106 978 170 1013 est
202 973 396 1013 omnium
440 973 732 1014 accidencium
768 987 852 1026 que
887 973 995 1013 fiunt
1030 974 1071 1012 in
1106 987 1166 1022 ea,
1202 980 1247 1014 ut
1284 973 1439 1014 dicitur
1478 975 1619 1026 primo

105 1041 388 1090 Plzisicormn,
414 1049 456 1081 et
488 1042 722 1082 secundum
753 1055 838 1082 non
871 1049 1015 1095 potest
1047 1056 1140 1083 esse
1170 1044 1260 1082 sine
1292 1043 1433 1096 primo
1464 1043 1505 1081 in
1534 1042 1619 1082 ullo

104 1123 272 1163 genere,
297 1111 398 1163 quia
421 1111 633 1164 posterius
656 1124 740 1151 non
764 1111 971 1164 reperitur
993 1112 1083 1151 sine
1104 1111 1258 1164 priore.
1320 1111 1429 1152 Cum
1453 1125 1555 1164 ergo
1578 1112 1618 1150 in

48 1194 84 1226 ¹5
104 1179 270 1232 angelis
293 1186 335 1220 et
357 1180 586 1220 animabus
619 1187 683 1220 est
716 1181 981 1234 composicio
1004 1195 1060 1220 ex
1082 1181 1306 1221 accidente
1338 1187 1380 1221 et
1410 1179 1617 1232 subjecto,

105 1254 280 1301 oportet
308 1250 424 1302 quod
456 1249 511 1289 ibi
542 1250 594 1289 sit
625 1250 891 1302 composicio
923 1262 978 1289 ex
1005 1250 1184 1290 materia
1215 1256 1256 1289 et
1280 1249 1428 1288 forma.
1496 1249 1619 1297 Item,

106 1321 151 1366 4⁰
172 1317 496 1358 liffetlccorm‘mn
517 1318 621 1359 dicit
645 1318 902 1358 Aristoteles
932 1319 1048 1371 quod
1073 1318 1210 1372 prima
1233 1318 1414 1358 materia
1436 1324 1499 1358 est
1528 1325 1617 1358 tan-

106 1392 199 1426 tum
223 1388 415 1436 materia,
432 1388 569 1428 forma
586 1388 725 1441 prima
747 1395 810 1428 est
834 1394 1004 1428 tantum
1024 1388 1177 1439 forma,
1193 1389 1398 1441 quicquid
1417 1393 1481 1428 est
1502 1387 1618 1427 aliud

104 1455 161 1496 ab
182 1456 264 1496 hiis
286 1463 352 1497 est
374 1457 667 1510 compositum
691 1470 746 1497 ex
771 1458 951 1498 materia
973 1464 1014 1498 et
1033 1458 1182 1499 forma.
1236 1458 1359 1506 Item,
1377 1457 1557 1510 angelus
1578 1463 1620 1496 et

49 1538 87 1560 20
105 1525 250 1566 anima
272 1532 372 1566 sunt
396 1526 437 1565 in
458 1526 656 1579 potencia
671 1526 726 1566 de
748 1533 900 1567 natura
915 1540 991 1567 sua
1005 1527 1058 1566 ad
1082 1526 1231 1575 multa,
1250 1533 1297 1567 ut
1319 1526 1373 1566 ad
1390 1526 1617 1566 scienciam

105 1595 295 1647 graciam
319 1602 360 1636 et
382 1595 578 1649 gloriam,
601 1603 644 1636 et
666 1601 850 1649 possunt
874 1596 1060 1648 recipere
1082 1602 1124 1635 et
1147 1596 1237 1648 pati
1261 1596 1408 1644 multa,
1433 1601 1478 1635 ut
1501 1601 1620 1648 patet

107 1663 149 1702 in
171 1664 296 1703 bonis
326 1665 552 1705 animabus
574 1670 617 1705 et
649 1664 813 1717 angelis
837 1664 972 1705 malis.
1034 1665 1091 1705 Et
1114 1678 1169 1704 ex
1199 1665 1283 1705 alia
1311 1672 1434 1717 parte
1458 1671 1553 1704 sunt
1577 1664 1618 1702 in

107 1738 206 1772 actu
230 1732 457 1787 multiplici
481 1739 523 1774 et
545 1734 815 1787 operacione.
879 1732 956 1773 Set
977 1739 1098 1774 actus
1128 1740 1170 1774 et
1192 1747 1320 1786 agere
1348 1734 1532 1774 debetur
1562 1732 1620 1772 rei

106 1801 277 1842 racione
305 1801 453 1851 forme,
476 1809 518 1843 et
547 1803 748 1856 potencia
771 1809 813 1842 et
836 1802 926 1855 pati
950 1808 993 1842 et
1015 1803 1202 1854 recipere
1228 1802 1398 1843 racione
1424 1803 1612 1848 materie,

49 1882 86 1913 25
107 1871 220 1911 sicut
241 1871 334 1911 vult
359 1871 621 1912 Aristoteles
646 1870 755 1911 libro
783 1871 851 1910 De
876 1870 1166 1911 Generacz'one.
1228 1871 1353 1919 Item,
1377 1871 1618 1923 subjectum

63 1928 67 1931 ’
107 1940 403 1993 generacionis
424 1947 488 1981 est
510 1940 814 1993 compositum,
839 1946 880 1980 et
904 1940 1001 1980 ideo
1023 1941 1311 1993 compositum
1335 1946 1564 1993 generatur
1580 1947 1621 1979 et

108 2022 195 2049 non
219 2007 356 2050 forma
373 2015 557 2061 tantum,
580 2016 625 2049 ut
648 2009 880 2063 probatum
904 2015 968 2048 est
984 2009 1099 2061 prius
1119 2024 1126 2059 ;
1159 2010 1219 2049 ita
1239 2010 1354 2061 quod
1372 2009 1615 2062 subjectum

107 2078 404 2129 generacionis
429 2079 546 2119 vadit
568 2091 740 2131 semper
765 2091 840 2130 per
861 2078 1020 2130 gradus
1041 2078 1306 2131 compositos
1329 2079 1591 2130 acquirendo
1617 2081 1620 2127 Ι

108 2159 278 2200 semper
300 2160 392 2187 esse
414 2146 706 2199 compositum
729 2146 825 2199 plus
848 2153 889 2186 et
908 2146 1004 2200 plus
1027 2146 1264 2199 perfectum
1287 2161 1422 2200 usque
1445 2146 1619 2187 ultimus
1642 2154 1680 2193 85
1700 2155 1718 2183 b
1739 2162 1766 2184 1.

49 2231 89 2261 30
107 2216 267 2269 gradus
285 2215 593 2268 complementi
611 2215 755 2256 veniet
771 2215 843 2267 qui
860 2216 940 2255 erit
955 2216 1220 2269 compositus
1235 2216 1343 2256 sicut
1357 2216 1497 2256 ceteri.
1542 2214 1619 2256 Set

108 2284 176 2324 hic
208 2283 385 2324 ultimus
406 2284 565 2337 gradus
590 2284 631 2323 in
653 2284 869 2336 aliquibus
891 2283 939 2324 fit
962 2298 1035 2338 per
1060 2285 1360 2337 operacionem
1392 2291 1552 2333 nature,
1576 2287 1619 2324 in

108 2353 202 2394 aliis
219 2367 296 2406 per
317 2367 425 2406 opus
439 2366 569 2406 supra
582 2358 782 2393 naturam
800 2359 847 2393 ut
866 2353 905 2392 in
922 2353 1181 2393 hominibus.
1236 2353 1347 2394 Cum
1363 2367 1465 2407 ergo
1478 2353 1621 2392 anima

110 2422 333 2463 racionalis
359 2423 414 2463 sit
436 2422 638 2463 ultimum
661 2422 1028 2475 complementum
1052 2421 1284 2463 embrionis
1305 2421 1481 2462 humani
1503 2423 1620 2474 quod

109 2497 174 2532 est
195 2491 501 2545 compositum,
524 2497 697 2545 oportet
718 2491 836 2544 quod
858 2490 936 2532 hec
955 2492 1099 2531 anima
1121 2491 1175 2532 sit
1196 2491 1447 2544 composita,
1465 2496 1511 2531 ut
1532 2490 1624 2542 ejus

50 2574 88 2604 35
110 2560 248 2602 forma
280 2560 476 2615 perficiat
514 2560 698 2600 formam
729 2559 973 2607 embrionis‚
1003 2567 1046 2600 et
1073 2560 1166 2612 ejus
1196 2559 1376 2600 materia
1406 2559 1623 2612 compleat

112 2630 336 2670 materiam
386 2628 632 2669 embrionis.
716 2628 772 2668 Et
824 2629 884 2669 sic
924 2629 1114 2682 aperitur
1155 2628 1224 2668 via
1265 2629 1320 2669 ad
1369 2628 1623 2669 solvendum

156 2797 194 2826 13
218 2787 469 2827 Phisicorum]
489 2786 510 2817 i.
529 2787 582 2824 67.
822 2796 861 2826 25
887 2789 940 2817 De
959 2786 1229 2826 Generacione]
1249 2787 1279 2817 ii.
1299 2797 1351 2826 52.
1372 2797 1422 2826 53.
