1898 3126
40 854 75 874 10

38 1200 74 1232 15

40 1547 77 1568 20

37 2236 78 2265 30

39 2707 77 2738 35

813 106 888 146 281

93 217 295 268 potencia
335 217 477 258 anime
519 220 777 271 vegetative,
811 221 902 274 agit
942 222 983 261 in
1025 221 1129 262 illud
1173 228 1216 263 et
1256 223 1466 264 assimilat
1501 223 1606 265 illud

92 284 282 326 humane
307 292 460 327 nature
484 286 760 328 vehementer
788 296 831 330 et
858 296 1067 342 quantum
1098 298 1244 345 potest
1274 292 1365 332 fieri
1395 299 1438 334 et
1465 293 1607 335 debet.

96 353 153 394 Et
188 354 286 395 ideo
315 355 406 408 jam
435 354 441 409 Ι
469 362 810 397 transmutatum
847 364 912 399 est
947 359 1001 400 ad
1038 359 1120 400 hoc
1157 366 1204 400 ut
1240 360 1296 400 sit
1332 361 1374 400 in
1409 362 1609 414 potencia
1629 372 1666 401 81
1686 372 1707 401 b
1727 380 1752 403 1.

94 422 228 464 homo
249 430 292 464 et
313 438 400 465 non
429 425 575 465 asinus
601 439 680 467 nec
712 426 796 467 alia
824 428 991 480 species
1019 428 1217 469 animalis
1246 430 1350 470 dum
1379 429 1518 470 adhuc
1545 436 1610 470 est

96 493 137 532 in
179 499 328 534 matre.
390 494 449 534 Et
485 495 662 547 quando
703 496 762 536 sic
802 495 1033 537 alteratum
1075 504 1140 538 est
1173 505 1220 539 ut
1253 499 1308 539 sit
1343 498 1609 539 simillimum

95 562 284 602 humane
325 570 489 611 nature,
527 570 629 605 tunc
671 565 808 618 magis
851 566 1152 608 manifestatur
1177 566 1365 608 affinitas
1390 566 1611 608 naturalis.

97 630 154 670 Et
186 631 365 683 quando
394 645 541 672 semen
564 632 699 686 patris
731 634 975 675 decinditur
996 642 1039 676 et
1061 637 1224 678 excitat
1249 637 1453 677 virtutem
1483 650 1611 690 gene-

97 699 279 739 rativam
314 701 463 741 matris
495 702 550 742 ad
582 701 758 742 seminis
790 702 1061 755 decisionem,
1093 711 1196 745 tunc
1225 707 1343 758 quod
1370 706 1614 746 decinditur

95 781 120 807 a
157 775 297 809 matre
330 770 481 822 recipit
516 770 718 811 virtutem
752 785 777 810 a
811 772 974 812 semine
1004 774 1149 825 patris,
1175 787 1276 814 nam
1305 787 1453 815 semen
1484 773 1617 826 patris

97 843 161 877 est
209 844 354 879 motor
397 846 439 879 et
485 839 685 880 efficiens.
748 839 806 879 Et
837 848 1144 893 augmentatur
1180 843 1364 883 affinitas
1412 842 1619 883 naturalis

97 915 295 961 respectu
318 915 559 961 parentum,
577 914 642 948 set
663 908 790 962 longe
814 910 953 964 magis
970 924 1047 963 per
1061 912 1264 953 virtutem
1289 912 1431 953 anime
1456 911 1617 957 matris‚

97 976 200 1029 quia
242 990 390 1016 semen
437 984 671 1030 utrumque
720 986 914 1019 remanet
957 979 997 1018 in
1041 987 1179 1021 matre
1231 981 1272 1020 in
1323 980 1421 1021 loco
1468 980 1618 1021 debito

98 1045 382 1098 generacioni.
459 1047 519 1087 Et
569 1046 629 1087 sic
679 1046 899 1098 perficitur
951 1049 1160 1089 naturalis
1206 1050 1392 1091 affinitas
1445 1056 1492 1090 ut
1542 1049 1618 1090 fiat

96 1114 289 1154 humana
310 1120 465 1156 natura
486 1117 540 1155 de
562 1116 727 1156 semine
756 1115 842 1156 illo.
905 1117 965 1158 Et
987 1131 1070 1159 non
1093 1132 1354 1171 quocunque
1387 1118 1533 1168 modo,
1553 1125 1617 1159 set

96 1183 246 1224 similis
273 1190 316 1224 et
345 1184 638 1225 connaturalis
667 1185 779 1237 patri
806 1192 850 1225 et
882 1188 1022 1234 matri,
1048 1194 1090 1227 et
1116 1201 1201 1228 non
1232 1188 1328 1228 aliis
1356 1187 1617 1228 hominibus.

96 1253 211 1293 Nam
250 1254 362 1306 patri
396 1261 574 1307 propter
610 1254 703 1302 tria,
742 1253 916 1303 scilicet,
951 1256 1051 1308 quia
1083 1258 1174 1310 ejus
1211 1271 1358 1297 semen
1395 1263 1460 1297 est
1491 1270 1617 1297 causa

96 1322 327 1363 decisionis
369 1323 542 1364 seminis
584 1324 776 1374 materni,
810 1330 853 1364 et
894 1338 1041 1365 semen
1082 1331 1311 1378 paternum
1353 1331 1615 1366 transmutat

96 1404 243 1431 semen
265 1391 307 1431 in
329 1393 537 1439 membra,
560 1393 668 1433 sicut
691 1406 846 1433 manus
869 1393 987 1447 figuli
1012 1395 1150 1434 lutum
1172 1395 1383 1436 convertit
1406 1395 1446 1434 in
1470 1394 1616 1442 ollam,

96 1466 140 1501 et
162 1474 309 1501 semen
330 1461 465 1515 patris
483 1463 615 1502 tercio
638 1462 753 1502 cedit
775 1463 816 1501 in
838 1463 1014 1516 spiritus
1037 1463 1243 1504 radicales
1266 1470 1308 1504 et
1331 1463 1507 1517 primos.
1560 1463 1620 1503 Et

98 1530 226 1570 matri
249 1530 386 1570 affinis
407 1530 486 1571 erit
508 1530 649 1583 proles
675 1537 852 1584 propter
873 1532 966 1572 tria.
1032 1532 1145 1572 Nam
1164 1546 1312 1573 semen
1337 1532 1485 1573 matris
1507 1532 1619 1572 cedit

97 1599 139 1639 in
161 1599 451 1641 substanciam
475 1600 665 1652 corporis
687 1607 730 1641 et
752 1607 895 1654 partes
917 1600 1240 1650 substanciales„
1259 1609 1300 1641 et
1322 1601 1456 1641 virtus
1478 1601 1620 1641 anime

98 1669 249 1710 matris
270 1683 440 1722 semper
462 1669 739 1710 continuatur
761 1684 889 1722 super
904 1668 1008 1710 illud
1026 1669 1301 1710 formandum
1325 1669 1448 1722 cujus
1466 1670 1619 1709 instru-

98 1744 295 1778 mentum
317 1744 383 1778 est
405 1751 551 1778 semen
574 1739 730 1790 patris:
763 1745 805 1779 et
822 1740 954 1779 tercio
978 1738 1164 1779 continet
1186 1753 1235 1779 ac
1257 1739 1373 1778 fovet
1390 1751 1561 1791 semper
1579 1738 1620 1776 in

97 1820 279 1860 corpore
301 1821 395 1857 suo,
419 1807 593 1856 scilicet,
627 1808 668 1847 in
703 1807 880 1848 matrice
911 1807 1191 1848 embrionem.
1254 1807 1385 1848 Unde
1415 1819 1499 1846 non
1529 1806 1619 1859 agit

61 1893 76 1923 5
98 1877 138 1916 in
159 1890 247 1917 rem
273 1882 399 1917 extra
421 1890 465 1916 se
488 1877 598 1916 sicut
617 1876 726 1928 ignis
743 1876 832 1929 agit
854 1876 895 1915 in
917 1889 1090 1928 aquam,
1109 1882 1172 1915 set
1195 1876 1237 1915 in
1259 1889 1348 1915 rem
1367 1880 1616 1915 contentam

97 1958 268 1999 semper
304 1945 346 1985 in
379 1958 435 1985 se.
498 1945 680 1997 Propter
722 1945 854 1998 igitur
891 1945 968 1984 has
1000 1958 1153 1984 causas
1198 1944 1334 1984 oritur
1376 1943 1617 1996 proprietas

96 2014 346 2055 sufficientis
378 2013 597 2054 affinitatis
629 2013 835 2053 naturalis
858 2014 967 2053 inter
988 2012 1152 2066 prolem
1175 2019 1217 2053 et
1240 2019 1438 2066 parentes
1468 2025 1614 2053 secun-

96 2083 199 2123 dum
241 2083 505 2123 sentenciam
542 2081 794 2123 Aristotelis
831 2088 874 2122 et
910 2082 1133 2122 Avicenne
1167 2087 1215 2122 ut
1248 2095 1333 2122 non
1374 2081 1616 2133 requiratur

96 2152 212 2205 quod
251 2164 398 2191 semen
440 2151 494 2191 sit
535 2152 589 2191 de
631 2150 876 2191 substancia
913 2157 1153 2204 parentum.
1217 2149 1290 2191 Sic
1328 2151 1457 2202 igitur
1491 2156 1613 2190 tenet

97 2219 384 2273 philosophia,
411 2232 488 2259 nec
518 2219 617 2260 volo
646 2219 714 2259 hic
740 2220 998 2259 descendere
1038 2218 1094 2259 ad
1130 2218 1376 2272 theologica
1402 2216 1408 2272 Ι
1436 2224 1612 2271 propter
1633 2224 1669 2254 81
1691 2225 1711 2255 b
1732 2235 1760 2255 2,

97 2289 366 2330 nimietatem
389 2288 694 2336 contencionis‚
718 2294 759 2328 et
781 2288 882 2340 quia
903 2286 1122 2340 superflua
1144 2287 1263 2327 fieret
1285 2287 1508 2340 digressio.

156 2452 421 2506 <D2'stz'nccz'0
444 2453 574 2492 tercia
594 2451 644 2490 de
664 2452 854 2503 animm.)

156 2520 432 2575 <Capz'lulnm
458 2527 521 2560 1¹¹¹.
583 2519 633 2560 de
643 2520 922 2573 prodnccz'om‘
935 2518 1135 2571 parcium
1157 2517 1342 2569 anime.)

155 2623 233 2664 Set
263 2624 317 2664 de
347 2623 635 2677 produccione
663 2621 855 2675 parcium
885 2619 1027 2660 anime
1057 2619 1098 2659 in
1130 2633 1222 2659 esse
1254 2632 1339 2659 non
1373 2627 1439 2660 est
1473 2619 1614 2659 minor

96 2692 337 2733 difficultas.
400 2691 564 2733 Omnes
595 2691 709 2731 enim
741 2695 843 2730 ante
875 2688 1028 2742 viginti
1060 2701 1196 2728 annos
1227 2694 1460 2741 posuerunt
1494 2689 1612 2740 quod

97 2761 189 2803 sola
209 2761 351 2802 anima
375 2760 636 2801 intellectiva
657 2759 794 2807 detur,
816 2765 859 2799 et
880 2758 996 2811 quod
1018 2757 1264 2810 vegetativa
1289 2763 1332 2798 et
1352 2756 1552 2797 sensitiva
1572 2758 1612 2796 in

169 2854 194 2870 κ.
211 2854 235 2869 u.
256 2852 287 2870 111
834 2836 863 2867 U
