1898 3126
839 93 921 138 225

82 198 433 240 'ostendendum
478 199 596 250 quod
641 199 681 237 in
725 212 863 238 vacuo
906 211 992 238 non
1036 204 1180 250 potest
1223 211 1378 251 corpus
1421 198 1530 244 ferri7
1565 198 1643 236 nisi

0 830 96 867 ¹¹10

56 1518 96 1540 20

57 2204 99 2235 30

116 267 260 320 posito
304 268 423 319 quod
467 267 509 306 in
556 280 609 306 eo
650 273 799 319 posset
840 280 996 319 corpus
1039 265 1270 306 transferri.
1353 265 1487 306 Nulla
1531 266 1643 305 enim

117 336 251 376 virtus
274 335 397 376 finita
418 336 507 389 agit
531 336 573 375 in
595 336 783 375 instanti.
846 335 961 388 Quia
985 334 1018 375 si
1042 333 1189 386 aliqua
1215 341 1365 386 ageret
1390 335 1431 373 in
1455 334 1645 382 instanti,

117 404 256 457 major
292 405 428 457 possit
464 417 590 457 agere
625 405 666 443 in
706 404 886 452 minori;
939 410 987 444 ut
1030 403 1172 456 arguit
1211 402 1475 442 Aristoteles
1517 408 1645 442 sexto

117 472 383 513 Phisicorum
407 479 450 513 et
469 473 510 512 in
531 479 688 514 octavo
710 472 984 512 Plzisicowm
1006 473 1111 512 dicit
1133 471 1250 523 quod
1284 471 1422 511 virtus
1449 469 1571 510 finita
1603 477 1645 509 et

115 540 284 581 infinita
305 555 393 582 non
418 547 602 594 possunt
625 555 753 593 agere
775 541 817 580 in
839 541 993 580 eadem
1011 541 1270 589 duracione;
1304 546 1370 579 set
1392 539 1528 579 virtus
1553 538 1645 578 infi-

116 610 204 649 nita
227 609 317 662 agit
346 610 387 649 in
413 610 605 658 instanti,
634 624 737 662 ergo
760 609 898 649 omnis
920 609 1055 649 virtus
1078 608 1200 648 finita
1223 609 1314 660 agit
1337 609 1376 647 in
1401 614 1613 659 tempore.

173 678 301 729 Item,
321 684 424 718 tunc
457 684 571 718 esset
599 678 780 730 angelus
810 678 937 718 simul
968 678 1009 716 in
1038 677 1142 727 celo,
1176 683 1219 717 et
1249 677 1290 716 in
1321 676 1467 716 medio
1499 674 1646 728 spacii,

117 753 158 787 et
187 747 228 786 in
261 752 400 795 terra;
433 753 476 787 et
506 747 567 786 ita
596 747 725 788 simul
760 753 803 787 et
830 746 964 787 semel
998 747 1040 785 in
1071 746 1250 787 diversis
1279 745 1395 793 locis,
1417 745 1536 797 quod
1559 757 1645 783 non

116 821 261 869 potest
284 829 390 856 esse.
456 815 515 855 Et
538 816 598 856 sic
620 817 674 856 de
698 816 791 855 aliis
814 816 1072 863 racionibus,
1099 829 1184 868 que
1209 814 1505 855 ostendebant
1527 813 1644 865 quod

115 884 442 929 transmutacio
474 885 667 937 corporis
700 885 741 924 in
775 898 914 924 vacuo
941 885 1071 925 debet
1101 897 1194 924 esse
1228 884 1270 923 in
1303 890 1515 936 tempore,
1553 891 1645 922 tum
1666 882 1706 923 65
1727 895 1740 913 ‘¹
1766 892 1789 913 ¹-

116 954 287 994 racione
319 953 628 994 divisibilitatis
650 954 794 1007 spacii,
823 961 932 1001 tum,
963 954 1065 1005 quia
1087 953 1293 993 transitus
1321 952 1471 1003 puncti
1506 957 1571 991 est
1603 951 1646 990 in

117 1022 306 1071 instanti,
340 1035 455 1075 ergo,
492 1023 665 1062 linearis
701 1023 837 1075 spacii
864 1022 1069 1062 transicio
1104 1028 1169 1062 est
1198 1021 1239 1060 in
1277 1028 1488 1073 tempore.
1553 1020 1647 1059 Nec

116 1091 396 1144 inpediuntur
446 1091 527 1131 hee
579 1092 664 1131 due
717 1091 911 1131 raciones
953 1097 1130 1144 propter
1171 1090 1498 1137 resistenciam;
1545 1089 1646 1141 quia

58 1178 60 1180 ’
115 1174 298 1201 vacuum
333 1173 419 1200 non
461 1160 622 1200 resistit
663 1160 846 1212 corpori,
889 1167 935 1200 ut
970 1160 1202 1212 probatum
1234 1165 1311 1207 est,
1354 1164 1419 1198 set
1454 1157 1644 1198 medium

118 1229 293 1281 plenum
336 1242 422 1269 non
471 1229 632 1269 resistit
670 1229 867 1281 spiritui3
916 1235 958 1268 et
1000 1229 1110 1273 ideo,
1152 1234 1298 1279 potest
1336 1226 1494 1267 intrare
1531 1225 1647 1266 illud⁴

117 1304 158 1338 et
196 1298 395 1337 transibit
429 1298 545 1350 prius
583 1311 714 1338 unam
750 1304 918 1349 partem
958 1297 1091 1349 spacii
1124 1309 1257 1348 quam
1293 1295 1436 1343 aliam,
1471 1301 1648 1347 propter

115 1367 405 1420 quantitatem
438 1366 572 1419 spacii
606 1372 649 1406 et
676 1365 890 1406 finitatem
934 1365 1116 1406 virtutis.
1180 1364 1238 1404 Et
1272 1363 1574 1417 proculdubio,
1612 1363 1647 1402 si

116 1435 321 1476 transibit
363 1436 570 1488 spacium,
622 1435 821 1475 transibit
871 1435 913 1474 in
966 1441 1174 1487 tempore,
1217 1439 1397 1486 propter
1432 1431 1646 1472 finitatem

117 1504 286 1544 virtutis
316 1510 359 1544 et
384 1511 547 1545 ceteras
582 1505 776 1544 raciones
809 1504 926 1556 prius
952 1503 1117 1550 dictas;
1153 1502 1266 1542 unde
1293 1501 1335 1540 in
1362 1500 1536 1540 instanti
1561 1513 1648 1539 non

115 1579 261 1625 potest
283 1575 475 1614 transire.

174 1642 261 1683 Sed
297 1641 482 1682 obicitur
523 1643 565 1682 in
600 1642 862 1683 contrarium
909 1641 1027 1693 quod
1065 1639 1330 1680 Aristoteles
1372 1638 1488 1685 dicit,
1531 1638 1648 1689 quod

117 1710 365 1765 inpartibile
399 1725 486 1751 non
529 1718 740 1759 movetur,
779 1710 938 1763 probat
980 1710 1062 1749 hoc
1107 1709 1148 1748 in
1189 1714 1317 1748 sexto
1358 1706 1645 1746 Pllisz'cormn.

118 1780 176 1820 Et
202 1793 287 1820 una
319 1781 541 1821 racionum
586 1780 677 1832 ejus
714 1787 780 1820 est
813 1779 940 1825 talis·,
991 1791 1091 1817 nam
1134 1778 1176 1816 in
1212 1789 1291 1816 suo
1328 1776 1515 1816 transitu
1549 1787 1646 1826 per-

79 1849 316 1892 :transibit
350 1862 521 1902 semper
558 1849 846 1896 indivisibilia,
883 1860 956 1887 seu
995 1852 1158 1899 puncta
1185 1858 1359 1897 semper
1392 1844 1429 1884 ei
1463 1843 1646 1895 equalia.

119 1916 227 1958 Cum
271 1918 402 1970 igitur
432 1918 537 1958 talia
576 1918 617 1957 in
656 1918 836 1957 minimo
875 1916 1024 1968 spacio
1065 1921 1165 1954 sunt
1202 1913 1382 1962 infinita,
1424 1925 1647 1964 nunquam

117 1986 396 2038 pertransiret
427 1986 656 2025 minimum
690 1985 912 2039 spaciunr:
944 1984 1045 2036 quia
1075 1995 1203 2023 omne
1236 1981 1397 2022 mobile
1430 1981 1573 2033 signat
1605 1981 1647 2019 in

118 2061 215 2095 actu
259 2068 431 2107 semper
470 2061 616 2107 partes
658 2053 791 2107 spacii
833 2053 913 2093 sibi
957 2052 1159 2104 equales3
1201 2057 1250 2091 ut
1289 2050 1450 2091 mobile
1492 2049 1650 2101 pedale

119 2134 290 2173 semper
322 2121 476 2161 transit
511 2121 706 2173 spacium
737 2119 904 2172 pedale,
936 2125 1147 2171 quantum
1181 2124 1248 2158 est
1283 2118 1339 2157 de
1373 2116 1562 2157 termino
1594 2116 1647 2155 ad

118 2203 248 2242 quern
280 2190 403 2230 vadit
436 2190 750 2230 immediatum.
816 2189 942 2237 Item,
974 2195 1078 2228 tunc
1110 2186 1305 2239 spacium
1339 2185 1646 2238 pertransitum

121 2264 233 2298 esset
268 2272 324 2298 ex
364 2259 538 2310 punctis
577 2257 858 2310 pertransitis,
888 2263 931 2296 et
964 2257 1025 2296 ita
1049 2255 1164 2295 linea
1201 2269 1259 2295 ex
1291 2254 1495 2306 punctis;
1527 2254 1647 2305 quod

165 2393 185 2422 3
208 2385 296 2419 quia
312 2384 342 2412 si
366 2384 502 2418 aliqua.
549 2381 621 2411 The
639 2386 711 2411 text
730 2379 903 2410 coincides
921 2378 1006 2409 from
1029 2379 1097 2409 this
1114 2378 1207 2417 point
1224 2377 1306 2408 with
1330 2376 1398 2416 Op.
1414 2376 1504 2407 Tert.
1526 2386 1556 2415 p.
1580 2376 1652 2412 168,

119 2434 139 2466 l.
160 2445 191 2474 9.
327 2443 345 2472 5
371 2432 621 2473 Phisieorum]
641 2432 707 2463 viii.
728 2442 778 2471 79.
914 2441 954 2470 23
978 2428 1230 2469 Phisieorum]
1252 2428 1293 2459 vi.
1312 2429 1362 2465 86,
1381 2428 1433 2459 88.

165 2564 184 2584 2
207 2553 403 2593 transferri]
421 2552 507 2583 alico
524 2553 623 2583 modo
642 2551 820 2581 transferri
838 2549 901 2579 FD
1025 2561 1044 2587 4
1069 2547 1192 2589 possit]
1210 2551 1327 2587 posset
1343 2546 1378 2576 D
1503 2546 1523 2575 8
1549 2544 1651 2584 Item]

121 2606 231 2636 Prima
247 2605 280 2635 F
377 2604 491 2644 simul]
506 2604 606 2635 simul
624 2608 657 2634 et
674 2603 780 2634 semel
798 2602 829 2631 F
975 2611 1012 2630 12
1036 2599 1128 2640 quia]
1147 2598 1284 2630 racione
1300 2608 1365 2637 qua
1383 2597 1416 2627 D
1518 2595 1651 2636 puncti]

120 2663 267 2698 ponatus
284 2656 318 2686 D
463 2666 500 2694 13
524 2655 680 2695 linearis]
697 2655 860 2684 linearum
878 2653 910 2683 F
1055 2662 1092 2691 15
1116 2662 1184 2681 non
1202 2661 1268 2682 om.
1286 2650 1348 2680 FB
1496 2650 1535 2678 16
1558 2647 1651 2687 ideo]

121 2720 188 2740 non
206 2709 241 2738 D
365 2708 403 2738 18
427 2707 608 2747 finitatem]
627 2706 805 2746 puritatem
823 2705 856 2735 F
972 2714 1011 2742 24
1037 2702 1227 2743 racionum]
1245 2702 1337 2733 racio
1354 2701 1386 2731 F
1500 2702 1541 2730 26
1568 2700 1652 2730 Cum

122 2759 238 2801 igitur]
258 2759 298 2790 Et
314 2769 388 2791 cum
405 2759 463 2789 FB
