1898 3126
72 541 89 572 5

51 884 90 906 10

53 2495 95 2526 30

828 143 902 183 291

110 247 266 300 quibus
289 253 366 296 est,
388 248 446 288 sic
469 246 666 286 similiter
687 245 765 285 hec
788 245 970 285 sciencia
984 244 1173 285 secundo
1190 245 1320 284 modo
1342 244 1470 284 dicta.
1536 243 1626 283 Nec

110 322 173 356 est
195 316 426 356 dicendum
463 316 580 368 quod
613 314 691 355 hec
720 314 899 355 sciencia
929 321 994 354 est
1029 313 1071 352 in
1102 313 1219 353 libris
1244 312 1311 352 vel
1344 313 1386 351 in
1415 325 1625 360 sermone,

109 385 208 437 quia
230 384 264 425 si
285 383 381 424 libri
404 397 490 424 non
512 390 654 424 essent
676 397 752 424 nec
773 396 927 429 sermo,
943 382 1084 422 adhuc
1105 388 1251 435 potest
1272 381 1381 421 sciri.
1444 379 1522 421 Set
1539 393 1624 420 non

109 454 242 494 scitur
276 453 355 493 nisi
387 453 443 493 sit
473 452 648 505 aliquid,
680 458 722 493 et
756 453 797 492 in
827 452 986 504 aliquo,
1018 456 1083 491 set
1114 463 1198 490 non
1232 450 1273 489 in
1304 449 1389 489 alio
1421 462 1552 501 quam
1583 449 1624 487 in

109 522 263 562 anima.
327 522 387 562 Et
423 522 592 571 iterum,
625 523 835 574 scriptura
871 527 913 560 et
949 533 1090 560 sermo
1127 532 1211 559 non
1244 525 1341 558 sunt
1384 518 1464 557 nisi
1505 518 1625 569 signa

110 604 257 631 eorum
284 603 368 642 que
397 597 498 631 sunt
526 591 568 630 in
595 591 753 637 anima,
783 596 829 630 ut
854 589 947 629 vult
975 587 1238 628 Aristoteles
1270 587 1408 640 primo
1434 587 1624 639 Peryar-

110 660 281 699 mem'as.
345 658 389 699 Si
414 660 541 712 igitur
563 659 745 700 sciencia
767 659 1019 699 omnimoda
1041 658 1097 698 sit
1118 657 1317 697 accidens
1340 655 1496 706 anime,
1518 668 1622 707 ergo

108 728 219 769 sicut
254 728 398 768 anima
436 728 746 782 multiplicatur
777 728 834 767 sic
866 734 907 767 et
939 727 1132 776 sciencia,
1164 732 1207 766 et
1238 726 1297 766 ita
1328 724 1625 766 numerabitur

108 797 347 849 gramatica
388 797 429 837 in
471 797 649 838 diversis
690 804 732 837 et
766 796 915 849 logica,
952 797 1010 836 ita
1046 796 1162 848 quod
1191 795 1336 848 >logica
1369 794 1411 833 in
1447 793 1625 834 diversis

110 867 336 906 animabus
358 874 423 907 est
445 880 530 907 una
550 866 692 920 specie
715 872 758 906 et
780 879 864 906 non
883 879 1076 911 numero,
1104 870 1147 905 et
1160 863 1356 905 similiter
1375 863 1624 916 glamatica,

111 943 153 976 et
175 937 233 975 sic
256 936 311 976 de
332 935 437 984 aliis,
459 942 502 976 et
523 949 598 988 per
620 949 664 975 se
687 935 818 976 scitur
846 933 851 988 Ι
880 948 963 975 non
988 948 1064 987 per
1080 933 1210 973 alium
1229 932 1426 973 habitum
1452 945 1528 972 nec
1551 945 1627 984 per
1645 938 1722 978 841³
1744 948 1771 969 ε.

108 1003 238 1045 aliam
259 1004 500 1045 scienciam.
563 1005 703 1046 Causa
723 1017 855 1057 quare
876 1017 960 1044 non
976 1005 1172 1044 videatur
1192 1003 1249 1043 sic
1273 1003 1411 1054 prima
1433 1000 1539 1041 facie
1561 1007 1625 1040 est

109 1074 210 1126 quia
243 1075 440 1115 videmus
473 1075 589 1127 quod
632 1074 715 1114 alia
750 1072 1034 1126 intelligibilia
1077 1080 1123 1113 ut
1160 1073 1292 1112 homo
1326 1077 1369 1111 et
1405 1071 1550 1111 asinus
1583 1077 1625 1109 et

108 1149 249 1183 cetera
269 1156 356 1183 non
376 1150 646 1195 generantur,
671 1143 769 1184 licet
790 1157 814 1183 a
836 1143 1028 1196 pluribus
1050 1141 1346 1193 intelligantur
1367 1147 1409 1180 et
1431 1139 1626 1180 similiter

73 1233 88 1262 5
110 1213 212 1266 quia
234 1213 289 1254 de
317 1214 497 1254 sciencia
523 1219 565 1254 et
594 1214 648 1253 de
676 1212 768 1252 aliis
800 1226 884 1264 que
913 1219 1011 1251 sunt
1038 1212 1078 1250 in
1111 1211 1256 1251 anima
1288 1209 1412 1249 unius
1444 1215 1625 1262 possunt

110 1282 307 1322 homines
331 1283 485 1322 diversi
508 1282 666 1322 habere
688 1282 996 1334 cognicionem.
1020 1287 1066 1321 ut
1100 1279 1298 1320 Socrates
1320 1278 1399 1318 scit
1421 1278 1625 1317 virtutem

111 1364 234 1391 suam
264 1351 333 1392 vel
360 1352 517 1392 vicium
548 1352 614 1392 vel
646 1356 781 1392 artem
805 1350 873 1390 vel
907 1349 1133 1390 scienciam
1162 1362 1247 1402 que
1280 1353 1379 1388 sunt
1406 1347 1447 1386 in
1484 1346 1627 1386 anima

110 1434 198 1470 sua,
220 1427 263 1460 et
285 1420 357 1460 alii
380 1420 574 1460 homines
596 1427 778 1474 possunt
800 1420 906 1459 scire
928 1419 1133 1459 virtutem
1157 1416 1348 1458 Socratis
1368 1416 1435 1456 vel
1457 1415 1628 1464 vicium,

110 1495 152 1529 εῖ
189 1489 249 1529 eis
287 1497 353 1530 est
384 1489 604 1542 objectum
639 1496 812 1530 tantum
845 1496 887 1528 et
923 1501 1006 1528 non
1038 1494 1103 1528 est
1135 1487 1177 1526 in
1206 1485 1433 1526 animabus
1464 1497 1626 1525 eorum.

52 1576 65 1596 2
112 1557 280 1599 Socrati
302 1565 449 1599 autem
472 1565 536 1599 est
557 1572 634 1599 sua
651 1559 783 1598 virtus
802 1557 1021 1610 objectum
1045 1563 1088 1596 et
1102 1555 1405 1595 nichilominus
1427 1553 1626 1594 accidens

109 1626 254 1668 anime
283 1641 371 1668 sue.
434 1627 511 1669 Set
542 1627 725 1668 sciencia
759 1634 805 1667 ut
839 1626 981 1679 logica
1011 1624 1077 1665 vel
1110 1624 1194 1665 alia
1225 1637 1310 1664 non
1342 1629 1406 1663 est
1439 1629 1626 1664 tantum-

112 1697 244 1737 modo
265 1697 485 1750 objectum
509 1702 705 1750 respectu
729 1696 969 1736 animarum
999 1708 1083 1747 que
1104 1694 1244 1734 sciunt
1265 1706 1372 1738 eam,
1396 1706 1474 1733 nec
1496 1698 1561 1732 est
1584 1691 1627 1730 in

112 1779 197 1806 una
227 1766 373 1806 anima
403 1773 574 1806 tantum
607 1773 671 1806 set
704 1772 768 1806 est
799 1765 839 1804 in
867 1764 1057 1816 qualibet
1079 1776 1239 1809 earum,
1262 1769 1306 1802 et
1339 1762 1436 1802 ideo
1458 1766 1628 1813 oportet

111 1835 227 1886 quod
250 1842 509 1875 numeretur.

173 2078 449 2133 <Cap2'tulu772
470 2085 537 2127 4111.
598 2078 648 2118 de
668 2077 960 2129 composicione
980 2077 1122 2116 anime
1143 2074 1414 2122 racionalis.)

170 2195 372 2236 Tercium
395 2194 512 2247 quod
544 2194 614 2234 hic
641 2192 919 2235 conculcatur
940 2206 965 2232 a
986 2191 1119 2245 vulgo
1151 2191 1560 2245 philosophancium
1587 2197 1629 2230 εῖ

113 2265 417 2317 theologorum
459 2269 524 2303 est
566 2263 620 2304 de
661 2262 804 2302 anima
846 2261 1059 2309 racionali‚
1101 2274 1154 2301 an
1195 2260 1252 2301 sit
1292 2260 1532 2313 composita
1571 2273 1629 2301 ex

114 2335 294 2375 materia
327 2339 370 2374 et
403 2331 556 2379 forma,
591 2337 634 2372 et
667 2331 745 2372 hec
779 2337 877 2371 sunt
906 2336 1062 2382 partes.
1125 2330 1241 2370 Nam
1274 2329 1451 2382 quidam
1483 2328 1631 2369 dicunt

114 2416 245 2443 unum
268 2408 312 2443 et
334 2402 511 2454 quidam
538 2399 667 2448 aliud,
690 2407 732 2441 et
760 2406 862 2440 sunt
892 2399 1115 2451 opiniones
1147 2398 1392 2451 solempnes
1420 2397 1630 2437 contrarie

114 2472 157 2512 in
184 2472 330 2512 studio
365 2470 554 2524 vulgate.
629 2468 706 2510 Set
735 2482 816 2523 ego
842 2475 967 2509 teneo
997 2481 1075 2521 pro
1102 2473 1221 2508 certo
1252 2466 1369 2519 quod
1394 2466 1537 2506 anima
1565 2472 1629 2505 est

115 2540 360 2594 composita
381 2553 437 2580 ex
460 2538 641 2580 materia
668 2544 711 2578 et
739 2536 876 2578 forma
904 2537 1012 2578 sicut
1033 2536 1201 2590 angeli3
1246 2537 1398 2576 eadem
1425 2535 1538 2575 enim
1566 2541 1630 2574 est

114 2610 284 2662 questio
305 2610 359 2649 de
380 2607 542 2661 angelis
575 2614 617 2647 et
649 2607 704 2647 de
725 2606 951 2647 animabus
978 2605 1277 2646 racionalibus.
1341 2604 1453 2645 Sunt
1482 2609 1628 2644 autem

115 2678 247 2730 aliqui
270 2678 342 2730 qui
365 2676 491 2717 nimis
517 2675 792 2716 subtiliantur
813 2682 856 2716 et
887 2674 1035 2715 volunt
1064 2674 1180 2727 quod
1211 2673 1356 2714 anima
1377 2680 1419 2713 et
1452 2671 1631 2725 angelus

158 2809 180 2838 6
202 2805 505 2846 Peryarmenias]
522 2805 542 2837 i.
564 2815 589 2835 ῑ.
