<?xml version="1.0" encoding="UTF-8"?>
<!DOCTYPE html PUBLIC "-//W3C//DTD XHTML 1.0 Transitional//EN"
    "http://www.w3.org/TR/xhtml1/DTD/xhtml1-transitional.dtd">
<html xmlns="http://www.w3.org/1999/xhtml" xml:lang="en" lang="en">
 <head>
  <title>
</title>
<meta http-equiv="Content-Type" content="text/html;charset=utf-8" />
  <meta name='ocr-system' content='tesseract 3.04.00' />
  <meta name='ocr-capabilities' content='ocr_page ocr_carea ocr_par ocr_line ocrx_word'/>
</head>
<body>
  <div class='ocr_page' id='page_1' title='image "./operahactenusine03baco_0060.png"; bbox 0 0 1877 3131; ppageno 0'>
   <div class='ocr_carea' id='block_1_1' title="bbox 93 1512 216 1551">
    <p class='ocr_par' dir='ltr' id='par_1_1' title="bbox 93 1512 216 1551">
     <span class='ocr_line' id='line_1_1' title="bbox 93 1512 216 1551; baseline 0 -10"><span class='ocrx_word' id='word_1_1' title='bbox 93 1512 216 1551; x_wconf 70' lang='lat' dir='ltr'>52b1.</span> 
     </span>
    </p>
   </div>
   <div class='ocr_carea' id='block_1_2' title="bbox 963 70 1046 120">
    <p class='ocr_par' dir='ltr' id='par_1_2' title="bbox 963 70 1046 120">
     <span class='ocr_line' id='line_1_2' title="bbox 963 70 1046 120; baseline 0 -10"><span class='ocrx_word' id='word_1_2' title='bbox 963 70 1046 120; x_wconf 83' lang='lat'>184</span> 
     </span>
    </p>
   </div>
   <div class='ocr_carea' id='block_1_3' title="bbox 231 181 1874 2372">
    <p class='ocr_par' dir='ltr' id='par_1_3' title="bbox 231 181 1874 2372">
     <span class='ocr_line' id='line_1_3' title="bbox 231 181 1766 238; baseline -0.003 -11"><span class='ocrx_word' id='word_1_3' title='bbox 231 185 407 238; x_wconf 83' lang='lat' dir='ltr'><strong>respicit</strong></span> <span class='ocrx_word' id='word_1_4' title='bbox 428 197 555 224; x_wconf 91' lang='lat' dir='ltr'>suum</span> <span class='ocrx_word' id='word_1_5' title='bbox 579 183 812 236; x_wconf 87' lang='lat' dir='ltr'>objectum,</span> <span class='ocrx_word' id='word_1_6' title='bbox 836 188 884 224; x_wconf 89' lang='lat' dir='ltr'>ut</span> <span class='ocrx_word' id='word_1_7' title='bbox 905 182 1089 236; x_wconf 91' lang='lat' dir='ltr'>duplum</span> <span class='ocrx_word' id='word_1_8' title='bbox 1112 183 1289 236; x_wconf 86' lang='lat' dir='ltr'>respicit</span> <span class='ocrx_word' id='word_1_9' title='bbox 1312 181 1554 231; x_wconf 87' lang='lat' dir='ltr'>dimidium,</span> <span class='ocrx_word' id='word_1_10' title='bbox 1575 189 1618 223; x_wconf 86' lang='lat' dir='ltr'>et</span> <span class='ocrx_word' id='word_1_11' title='bbox 1642 188 1766 235; x_wconf 83' lang='lat' dir='ltr'>pater</span> 
     </span>
     <span class='ocr_line' id='line_1_4' title="bbox 232 251 1765 306; baseline -0.002 -12"><span class='ocrx_word' id='word_1_12' title='bbox 232 253 381 301; x_wconf 86' lang='lat' dir='ltr'>filium,</span> <span class='ocrx_word' id='word_1_13' title='bbox 403 253 496 293; x_wconf 92' lang='lat' dir='ltr'>sine</span> <span class='ocrx_word' id='word_1_14' title='bbox 517 266 605 306; x_wconf 92' lang='lat' dir='ltr'>quo</span> <span class='ocrx_word' id='word_1_15' title='bbox 623 266 717 294; x_wconf 87' lang='lat' dir='ltr'>esse</span> <span class='ocrx_word' id='word_1_16' title='bbox 738 265 826 293; x_wconf 91' lang='lat' dir='ltr'>non</span> <span class='ocrx_word' id='word_1_17' title='bbox 848 259 1009 306; x_wconf 89' lang='lat' dir='ltr'>potest.</span> <span class='ocrx_word' id='word_1_18' title='bbox 1073 252 1134 293; x_wconf 88' lang='lat' dir='ltr'>Et</span> <span class='ocrx_word' id='word_1_19' title='bbox 1148 258 1290 305; x_wconf 87' lang='lat' dir='ltr'>preter</span> <span class='ocrx_word' id='word_1_20' title='bbox 1307 251 1423 291; x_wconf 91' lang='lat' dir='ltr'>hunc</span> <span class='ocrx_word' id='word_1_21' title='bbox 1441 257 1686 305; x_wconf 89' lang='lat' dir='ltr'>respectum</span> <span class='ocrx_word' id='word_1_22' title='bbox 1709 251 1765 291; x_wconf 94' lang='lat' dir='ltr'>ad</span> 
     </span>
     <span class='ocr_line' id='line_1_5' title="bbox 232 319 1766 378; baseline -0.003 -14"><span class='ocrx_word' id='word_1_23' title='bbox 232 323 496 378; x_wconf 88' lang='lat' dir='ltr'>profundum</span> <span class='ocrx_word' id='word_1_24' title='bbox 534 322 738 375; x_wconf 90' lang='lat' dir='ltr'>corporis,</span> <span class='ocrx_word' id='word_1_25' title='bbox 774 328 841 363; x_wconf 91' lang='lat' dir='ltr'>est</span> <span class='ocrx_word' id='word_1_26' title='bbox 874 321 984 362; x_wconf 90' lang='lat' dir='ltr'>alius</span> <span class='ocrx_word' id='word_1_27' title='bbox 1021 327 1241 375; x_wconf 89' lang='lat' dir='ltr'>respectus</span> <span class='ocrx_word' id='word_1_28' title='bbox 1274 319 1542 361; x_wconf 87' lang='lat' dir='ltr'>necessarius</span> <span class='ocrx_word' id='word_1_29' title='bbox 1576 320 1633 360; x_wconf 83' lang='lat' dir='ltr'>ad</span> <span class='ocrx_word' id='word_1_30' title='bbox 1671 320 1766 369; x_wconf 89' lang='lat' dir='ltr'>hoc,</span> 
     </span>
     <span class='ocr_line' id='line_1_6' title="bbox 233 387 1764 444; baseline -0.002 -13"><span class='ocrx_word' id='word_1_31' title='bbox 233 391 353 444; x_wconf 91' lang='lat' dir='ltr'>quod</span> <span class='ocrx_word' id='word_1_32' title='bbox 394 391 449 431; x_wconf 92' lang='lat' dir='ltr'>sit</span> <span class='ocrx_word' id='word_1_33' title='bbox 490 390 610 431; x_wconf 89' lang='lat' dir='ltr'>locus</span> <span class='ocrx_word' id='word_1_34' title='bbox 646 390 886 430; x_wconf 91' lang='lat' dir='ltr'>secundum</span> <span class='ocrx_word' id='word_1_35' title='bbox 923 403 1017 430; x_wconf 91' lang='lat' dir='ltr'>esse</span> <span class='ocrx_word' id='word_1_36' title='bbox 1051 389 1332 442; x_wconf 89' lang='lat' dir='ltr'>potissimum</span> <span class='ocrx_word' id='word_1_37' title='bbox 1369 387 1465 437; x_wconf 84' lang='lat' dir='ltr'>loci,</span> <span class='ocrx_word' id='word_1_38' title='bbox 1499 387 1674 437; x_wconf 91' lang='lat' dir='ltr'>scilicet,</span> <span class='ocrx_word' id='word_1_39' title='bbox 1709 388 1764 428; x_wconf 82' lang='lat' dir='ltr'>ad</span> 
     </span>
     <span class='ocr_line' id='line_1_7' title="bbox 233 457 1804 512; baseline -0.003 -11"><span class='ocrx_word' id='word_1_40' title='bbox 233 459 443 501; x_wconf 88' lang='lat' dir='ltr'>terminos</span> <span class='ocrx_word' id='word_1_41' title='bbox 461 459 635 499; x_wconf 88' lang='lat' dir='ltr'>mundi:</span> <span class='ocrx_word' id='word_1_42' title='bbox 667 458 781 510; x_wconf 91' lang='lat' dir='ltr'>quia,</span> <span class='ocrx_word' id='word_1_43' title='bbox 795 459 901 499; x_wconf 93' lang='lat' dir='ltr'>dum</span> <span class='ocrx_word' id='word_1_44' title='bbox 920 471 986 498; x_wconf 92' lang='lat' dir='ltr'>res</span> <span class='ocrx_word' id='word_1_45' title='bbox 999 457 1142 498; x_wconf 87' lang='lat' dir='ltr'>locata</span> <span class='ocrx_word' id='word_1_46' title='bbox 1158 457 1290 499; x_wconf 89' lang='lat' dir='ltr'>habet</span> <span class='ocrx_word' id='word_1_47' title='bbox 1308 457 1498 498; x_wconf 89' lang='lat' dir='ltr'>eundem</span> <span class='ocrx_word' id='word_1_48' title='bbox 1518 463 1763 512; x_wconf 88' lang='lat' dir='ltr'>respectum</span> <span class='ocrx_word' id='word_1_49' title='bbox 1787 478 1804 510; x_wconf 81' lang='lat'><strong><em>5</em></strong></span> 
     </span>
     <span class='ocr_line' id='line_1_8' title="bbox 233 526 1766 579; baseline -0.002 -9"><span class='ocrx_word' id='word_1_50' title='bbox 233 531 289 571; x_wconf 90' lang='lat' dir='ltr'>ad</span> <span class='ocrx_word' id='word_1_51' title='bbox 322 529 532 570; x_wconf 88' lang='lat' dir='ltr'>terminos</span> <span class='ocrx_word' id='word_1_52' title='bbox 566 528 728 576; x_wconf 90' lang='lat' dir='ltr'>mundi,</span> <span class='ocrx_word' id='word_1_53' title='bbox 749 527 885 568; x_wconf 86' lang='lat' dir='ltr'>habet</span> <span class='ocrx_word' id='word_1_54' title='bbox 918 527 1107 567; x_wconf 87' lang='lat' dir='ltr'>eundem</span> <span class='ocrx_word' id='word_1_55' title='bbox 1145 526 1303 576; x_wconf 89' lang='lat' dir='ltr'>locum,</span> <span class='ocrx_word' id='word_1_56' title='bbox 1337 533 1380 568; x_wconf 88' lang='lat' dir='ltr'>et</span> <span class='ocrx_word' id='word_1_57' title='bbox 1412 527 1591 579; x_wconf 89' lang='lat' dir='ltr'>quando</span> <span class='ocrx_word' id='word_1_58' title='bbox 1623 533 1766 568; x_wconf 84' lang='lat' dir='ltr'>mutat</span> 
     </span>
     <span class='ocr_line' id='line_1_9' title="bbox 235 595 1764 651; baseline -0.002 -12"><span class='ocrx_word' id='word_1_59' title='bbox 235 604 494 651; x_wconf 85' lang='lat' dir='ltr'>respectum,</span> <span class='ocrx_word' id='word_1_60' title='bbox 514 603 655 637; x_wconf 87' lang='lat' dir='ltr'>mutat</span> <span class='ocrx_word' id='word_1_61' title='bbox 672 596 815 636; x_wconf 89' lang='lat' dir='ltr'>locum</span> <span class='ocrx_word' id='word_1_62' title='bbox 836 612 844 636; x_wconf 92' lang='lat'>:</span> <span class='ocrx_word' id='word_1_63' title='bbox 879 601 923 636; x_wconf 90' lang='lat' dir='ltr'>et</span> <span class='ocrx_word' id='word_1_64' title='bbox 945 595 1057 647; x_wconf 87' lang='lat' dir='ltr'>ideo,</span> <span class='ocrx_word' id='word_1_65' title='bbox 1074 596 1143 636; x_wconf 91' lang='lat' dir='ltr'>hic</span> <span class='ocrx_word' id='word_1_66' title='bbox 1161 602 1385 648; x_wconf 88' lang='lat' dir='ltr'>respectus</span> <span class='ocrx_word' id='word_1_67' title='bbox 1403 602 1469 636; x_wconf 88' lang='lat' dir='ltr'>est</span> <span class='ocrx_word' id='word_1_68' title='bbox 1492 596 1548 637; x_wconf 93' lang='lat' dir='ltr'>de</span> <span class='ocrx_word' id='word_1_69' title='bbox 1569 595 1764 637; x_wconf 86' lang='lat' dir='ltr'>essencia</span> 
     </span>
     <span class='ocr_line' id='line_1_10' title="bbox 234 661 1765 719; baseline -0.003 -11"><span class='ocrx_word' id='word_1_70' title='bbox 234 667 329 708; x_wconf 93' lang='lat' dir='ltr'>loci.</span> <span class='ocrx_word' id='word_1_71' title='bbox 408 665 486 706; x_wconf 88' lang='lat' dir='ltr'>Set</span> <span class='ocrx_word' id='word_1_72' title='bbox 508 665 578 705; x_wconf 92' lang='lat' dir='ltr'>hic</span> <span class='ocrx_word' id='word_1_73' title='bbox 601 671 837 719; x_wconf 88' lang='lat' dir='ltr'>respectus,</span> <span class='ocrx_word' id='word_1_74' title='bbox 859 665 932 718; x_wconf 92' lang='lat' dir='ltr'>qui</span> <span class='ocrx_word' id='word_1_75' title='bbox 954 670 1020 704; x_wconf 91' lang='lat' dir='ltr'>est</span> <span class='ocrx_word' id='word_1_76' title='bbox 1042 665 1097 705; x_wconf 88' lang='lat' dir='ltr'>de</span> <span class='ocrx_word' id='word_1_77' title='bbox 1120 664 1313 705; x_wconf 89' lang='lat' dir='ltr'>essencia</span> <span class='ocrx_word' id='word_1_78' title='bbox 1334 661 1430 713; x_wconf 88' lang='lat' dir='ltr'>loci,</span> <span class='ocrx_word' id='word_1_79' title='bbox 1453 669 1497 705; x_wconf 90' lang='lat' dir='ltr'>et</span> <span class='ocrx_word' id='word_1_80' title='bbox 1513 664 1623 705; x_wconf 88' lang='lat' dir='ltr'>alius</span> <span class='ocrx_word' id='word_1_81' title='bbox 1645 664 1765 705; x_wconf 90' lang='lat' dir='ltr'>simi-</span> 
     </span>
     <span class='ocr_line' id='line_1_11' title="bbox 236 733 1769 788; baseline -0.002 -11"><span class='ocrx_word' id='word_1_82' title='bbox 236 737 333 777; x_wconf 89' lang='lat' dir='ltr'>liter</span> <span class='ocrx_word' id='word_1_83' title='bbox 349 749 480 788; x_wconf 91' lang='lat' dir='ltr'>quem</span> <span class='ocrx_word' id='word_1_84' title='bbox 498 735 633 775; x_wconf 88' lang='lat' dir='ltr'>habet</span> <span class='ocrx_word' id='word_1_85' title='bbox 646 734 701 774; x_wconf 89' lang='lat' dir='ltr'>ad</span> <span class='ocrx_word' id='word_1_86' title='bbox 718 733 985 788; x_wconf 90' lang='lat' dir='ltr'>profundum</span> <span class='ocrx_word' id='word_1_87' title='bbox 1001 733 1192 786; x_wconf 86' lang='lat' dir='ltr'>corporis</span> <span class='ocrx_word' id='word_1_88' title='bbox 1205 734 1413 783; x_wconf 76' lang='lat' dir='ltr'>contenti,</span> <span class='ocrx_word' id='word_1_89' title='bbox 1428 739 1471 773; x_wconf 91' lang='lat' dir='ltr'>et</span> <span class='ocrx_word' id='word_1_90' title='bbox 1486 734 1769 774; x_wconf 81' lang='lat' dir='ltr'>concavitatis</span> 
     </span>
     <span class='ocr_line' id='line_1_12' title="bbox 236 799 1820 855; baseline -0.002 -9"><span class='ocrx_word' id='word_1_91' title='bbox 236 811 335 846; x_wconf 85' lang='lat' dir='ltr'>actu</span> <span class='ocrx_word' id='word_1_92' title='bbox 376 804 652 853; x_wconf 90' lang='lat' dir='ltr'>continentis,</span> <span class='ocrx_word' id='word_1_93' title='bbox 686 810 786 844; x_wconf 89' lang='lat' dir='ltr'>sunt</span> <span class='ocrx_word' id='word_1_94' title='bbox 827 799 1074 843; x_wconf 80' lang='lat' dir='ltr'>accidencia</span> <span class='ocrx_word' id='word_1_95' title='bbox 1113 801 1385 855; x_wconf 84' lang='lat' dir='ltr'>superficiei3</span> <span class='ocrx_word' id='word_1_96' title='bbox 1418 809 1462 843; x_wconf 89' lang='lat' dir='ltr'>et</span> <span class='ocrx_word' id='word_1_97' title='bbox 1497 803 1596 843; x_wconf 91' lang='lat' dir='ltr'>ideo</span> <span class='ocrx_word' id='word_1_98' title='bbox 1633 803 1820 851; x_wconf 70' lang='lat' dir='ltr'>locuS,1&lt;</span> 
     </span>
     <span class='ocr_line' id='line_1_13' title="bbox 237 870 1769 926; baseline -0.001 -11"><span class='ocrx_word' id='word_1_99' title='bbox 237 877 270 915; x_wconf 80' lang='lat' dir='ltr'>si</span> <span class='ocrx_word' id='word_1_100' title='bbox 307 874 475 915; x_wconf 86' lang='lat' dir='ltr'>dicatur</span> <span class='ocrx_word' id='word_1_101' title='bbox 505 873 587 914; x_wconf 95' lang='lat' dir='ltr'>hoc</span> <span class='ocrx_word' id='word_1_102' title='bbox 618 878 908 926; x_wconf 78' lang='lat' dir='ltr'>aggregatum</span> <span class='ocrx_word' id='word_1_103' title='bbox 940 885 998 912; x_wconf 82' lang='lat' dir='ltr'>ex</span> <span class='ocrx_word' id='word_1_104' title='bbox 1030 870 1258 924; x_wconf 86' lang='lat' dir='ltr'>superficie</span> <span class='ocrx_word' id='word_1_105' title='bbox 1289 877 1332 911; x_wconf 90' lang='lat' dir='ltr'>et</span> <span class='ocrx_word' id='word_1_106' title='bbox 1364 872 1638 913; x_wconf 86' lang='lat' dir='ltr'>concavitate</span> <span class='ocrx_word' id='word_1_107' title='bbox 1669 886 1769 913; x_wconf 88' lang='lat' dir='ltr'>cum</span> 
     </span>
     <span class='ocr_line' id='line_1_14' title="bbox 236 939 1819 995; baseline -0.003 -9"><span class='ocrx_word' id='word_1_108' title='bbox 236 943 509 987; x_wconf 81' lang='lat' dir='ltr'>continencia</span> <span class='ocrx_word' id='word_1_109' title='bbox 541 948 584 981; x_wconf 87' lang='lat' dir='ltr'>et</span> <span class='ocrx_word' id='word_1_110' title='bbox 616 940 884 995; x_wconf 84' lang='lat' dir='ltr'>respectibus</span> <span class='ocrx_word' id='word_1_111' title='bbox 915 940 1049 989; x_wconf 87' lang='lat' dir='ltr'>dictis,</span> <span class='ocrx_word' id='word_1_112' title='bbox 1073 953 1159 980; x_wconf 89' lang='lat' dir='ltr'>non</span> <span class='ocrx_word' id='word_1_113' title='bbox 1191 940 1271 980; x_wconf 90' lang='lat' dir='ltr'>erit</span> <span class='ocrx_word' id='word_1_114' title='bbox 1303 939 1449 993; x_wconf 86' lang='lat' dir='ltr'>aliqua</span> <span class='ocrx_word' id='word_1_115' title='bbox 1481 941 1659 995; x_wconf 86' lang='lat' dir='ltr'>species,</span> <span class='ocrx_word' id='word_1_116' title='bbox 1691 954 1768 982; x_wconf 91' lang='lat' dir='ltr'>nec</span> <span class='ocrx_word' id='word_1_117' title='bbox 1818 972 1819 975; x_wconf 19' lang='grc' dir='ltr'>η</span> 
     </span>
     <span class='ocr_line' id='line_1_15' title="bbox 237 1008 1766 1068; baseline -0.002 -14"><span class='ocrx_word' id='word_1_118' title='bbox 237 1012 497 1068; x_wconf 78' lang='lat' dir='ltr'>quantitatis</span> <span class='ocrx_word' id='word_1_119' title='bbox 526 1024 604 1051; x_wconf 89' lang='lat' dir='ltr'>nec</span> <span class='ocrx_word' id='word_1_120' title='bbox 635 1010 826 1058; x_wconf 79' lang='lat' dir='ltr'>alterius,</span> <span class='ocrx_word' id='word_1_121' title='bbox 850 1009 953 1061; x_wconf 86' lang='lat' dir='ltr'>quia</span> <span class='ocrx_word' id='word_1_122' title='bbox 982 1009 1127 1050; x_wconf 91' lang='lat' dir='ltr'>omnis</span> <span class='ocrx_word' id='word_1_123' title='bbox 1155 1008 1321 1061; x_wconf 90' lang='lat' dir='ltr'>species</span> <span class='ocrx_word' id='word_1_124' title='bbox 1347 1015 1412 1049; x_wconf 88' lang='lat' dir='ltr'>est</span> <span class='ocrx_word' id='word_1_125' title='bbox 1431 1022 1516 1050; x_wconf 87' lang='lat' dir='ltr'>una</span> <span class='ocrx_word' id='word_1_126' title='bbox 1531 1023 1609 1062; x_wconf 89' lang='lat' dir='ltr'>per</span> <span class='ocrx_word' id='word_1_127' title='bbox 1621 1023 1766 1051; x_wconf 85' lang='lat' dir='ltr'>essen-</span> 
     </span>
     <span class='ocr_line' id='line_1_16' title="bbox 238 1078 1770 1134; baseline -0.003 -10"><span class='ocrx_word' id='word_1_128' title='bbox 238 1084 350 1125; x_wconf 85' lang='lat' dir='ltr'>ciam</span> <span class='ocrx_word' id='word_1_129' title='bbox 387 1095 444 1121; x_wconf 86' lang='lat' dir='ltr'>ex</span> <span class='ocrx_word' id='word_1_130' title='bbox 473 1093 631 1134; x_wconf 82' lang='lat' dir='ltr'>genere</span> <span class='ocrx_word' id='word_1_131' title='bbox 663 1086 707 1120; x_wconf 90' lang='lat' dir='ltr'>et</span> <span class='ocrx_word' id='word_1_132' title='bbox 739 1078 1016 1128; x_wconf 82' lang='lat' dir='ltr'>difse1·encia;</span> <span class='ocrx_word' id='word_1_133' title='bbox 1048 1084 1115 1118; x_wconf 91' lang='lat' dir='ltr'>set</span> <span class='ocrx_word' id='word_1_134' title='bbox 1143 1091 1199 1118; x_wconf 76' lang='lat' dir='ltr'>ex</span> <span class='ocrx_word' id='word_1_135' title='bbox 1237 1078 1437 1131; x_wconf 88' lang='lat' dir='ltr'>subjecto</span> <span class='ocrx_word' id='word_1_136' title='bbox 1470 1085 1514 1119; x_wconf 92' lang='lat' dir='ltr'>et</span> <span class='ocrx_word' id='word_1_137' title='bbox 1542 1079 1770 1120; x_wconf 86' lang='lat' dir='ltr'>accidente</span> 
     </span>
     <span class='ocr_line' id='line_1_17' title="bbox 239 1146 1874 1203; baseline -0.001 -11"><span class='ocrx_word' id='word_1_138' title='bbox 239 1165 324 1192; x_wconf 87' lang='lat' dir='ltr'>non</span> <span class='ocrx_word' id='word_1_139' title='bbox 357 1149 405 1192; x_wconf 85' lang='lat' dir='ltr'>fit</span> <span class='ocrx_word' id='word_1_140' title='bbox 435 1163 569 1190; x_wconf 89' lang='lat' dir='ltr'>unum</span> <span class='ocrx_word' id='word_1_141' title='bbox 592 1162 669 1203; x_wconf 88' lang='lat' dir='ltr'>per</span> <span class='ocrx_word' id='word_1_142' title='bbox 697 1148 949 1188; x_wconf 83' lang='lat' dir='ltr'>essenciam.</span> <span class='ocrx_word' id='word_1_143' title='bbox 1012 1146 1058 1188; x_wconf 84' lang='lat' dir='ltr'>Si</span> <span class='ocrx_word' id='word_1_144' title='bbox 1087 1160 1191 1187; x_wconf 86' lang='lat' dir='ltr'>vero</span> <span class='ocrx_word' id='word_1_145' title='bbox 1218 1148 1388 1187; x_wconf 85' lang='lat' dir='ltr'>dicatur</span> <span class='ocrx_word' id='word_1_146' title='bbox 1416 1146 1667 1200; x_wconf 84' lang='lat' dir='ltr'>superficies</span> <span class='ocrx_word' id='word_1_147' title='bbox 1689 1149 1835 1201; x_wconf 59' lang='lat' dir='ltr'>sub15</span> <span class='ocrx_word' id='word_1_148' title='bbox 1872 1146 1874 1162; x_wconf 68' lang='lat'>⁵</span> 
     </span>
     <span class='ocr_line' id='line_1_18' title="bbox 238 1216 1771 1271; baseline -0.003 -9"><span class='ocrx_word' id='word_1_149' title='bbox 238 1221 400 1262; x_wconf 88' lang='lat' dir='ltr'>talibus</span> <span class='ocrx_word' id='word_1_150' title='bbox 439 1219 748 1268; x_wconf 90' lang='lat' dir='ltr'>accidentibus,</span> <span class='ocrx_word' id='word_1_151' title='bbox 782 1225 885 1258; x_wconf 88' lang='lat' dir='ltr'>tunc</span> <span class='ocrx_word' id='word_1_152' title='bbox 922 1230 1009 1258; x_wconf 91' lang='lat' dir='ltr'>non</span> <span class='ocrx_word' id='word_1_153' title='bbox 1044 1223 1110 1257; x_wconf 88' lang='lat' dir='ltr'>est</span> <span class='ocrx_word' id='word_1_154' title='bbox 1145 1216 1229 1257; x_wconf 89' lang='lat' dir='ltr'>alia</span> <span class='ocrx_word' id='word_1_155' title='bbox 1266 1217 1433 1269; x_wconf 91' lang='lat' dir='ltr'>species</span> <span class='ocrx_word' id='word_1_156' title='bbox 1470 1230 1495 1257; x_wconf 85' lang='lat' dir='ltr'>a</span> <span class='ocrx_word' id='word_1_157' title='bbox 1530 1217 1771 1271; x_wconf 85' lang='lat' dir='ltr'>superficie,</span> 
     </span>
     <span class='ocr_line' id='line_1_19' title="bbox 238 1284 1772 1342; baseline -0.003 -11"><span class='ocrx_word' id='word_1_158' title='bbox 238 1297 280 1331; x_wconf 89' lang='lat' dir='ltr'>et</span> <span class='ocrx_word' id='word_1_159' title='bbox 304 1290 403 1330; x_wconf 90' lang='lat' dir='ltr'>ideo</span> <span class='ocrx_word' id='word_1_160' title='bbox 424 1294 554 1342; x_wconf 90' lang='lat' dir='ltr'>prout</span> <span class='ocrx_word' id='word_1_161' title='bbox 576 1288 697 1329; x_wconf 90' lang='lat' dir='ltr'>locus</span> <span class='ocrx_word' id='word_1_162' title='bbox 720 1294 784 1327; x_wconf 88' lang='lat' dir='ltr'>est</span> <span class='ocrx_word' id='word_1_163' title='bbox 807 1286 953 1339; x_wconf 87' lang='lat' dir='ltr'>aliqua</span> <span class='ocrx_word' id='word_1_164' title='bbox 975 1291 1128 1326; x_wconf 86' lang='lat' dir='ltr'>natura</span> <span class='ocrx_word' id='word_1_165' title='bbox 1158 1284 1372 1338; x_wconf 79' lang='lat' dir='ltr'>specifica,</span> <span class='ocrx_word' id='word_1_166' title='bbox 1394 1299 1480 1326; x_wconf 90' lang='lat' dir='ltr'>non</span> <span class='ocrx_word' id='word_1_167' title='bbox 1503 1293 1650 1339; x_wconf 83' lang='lat' dir='ltr'>potest</span> <span class='ocrx_word' id='word_1_168' title='bbox 1678 1301 1772 1329; x_wconf 90' lang='lat' dir='ltr'>esse</span> 
     </span>
     <span class='ocr_line' id='line_1_20' title="bbox 239 1355 1770 1411; baseline -0.001 -12"><span class='ocrx_word' id='word_1_169' title='bbox 239 1360 316 1399; x_wconf 85' lang='lat' dir='ltr'>nisi</span> <span class='ocrx_word' id='word_1_170' title='bbox 332 1356 593 1411; x_wconf 90' lang='lat' dir='ltr'>superficies.</span> <span class='ocrx_word' id='word_1_171' title='bbox 637 1356 716 1398; x_wconf 86' lang='lat' dir='ltr'>Set</span> <span class='ocrx_word' id='word_1_172' title='bbox 734 1362 895 1404; x_wconf 87' lang='lat' dir='ltr'>tamen,</span> <span class='ocrx_word' id='word_1_173' title='bbox 913 1362 960 1395; x_wconf 89' lang='lat' dir='ltr'>ut</span> <span class='ocrx_word' id='word_1_174' title='bbox 978 1355 1112 1396; x_wconf 91' lang='lat' dir='ltr'>habet</span> <span class='ocrx_word' id='word_1_175' title='bbox 1129 1355 1448 1396; x_wconf 79' lang='lat' dir='ltr'>concavitatem</span> <span class='ocrx_word' id='word_1_176' title='bbox 1471 1357 1770 1397; x_wconf 89' lang='lat' dir='ltr'>continentem</span> 
     </span>
     <span class='ocr_line' id='line_1_21' title="bbox 239 1423 1771 1481; baseline -0.003 -12"><span class='ocrx_word' id='word_1_177' title='bbox 239 1441 395 1481; x_wconf 88' lang='lat' dir='ltr'>corpus</span> <span class='ocrx_word' id='word_1_178' title='bbox 419 1426 542 1479; x_wconf 89' lang='lat' dir='ltr'>cujus</span> <span class='ocrx_word' id='word_1_179' title='bbox 564 1424 828 1479; x_wconf 87' lang='lat' dir='ltr'>profundum</span> <span class='ocrx_word' id='word_1_180' title='bbox 852 1424 1035 1477; x_wconf 87' lang='lat' dir='ltr'>respicit,</span> <span class='ocrx_word' id='word_1_181' title='bbox 1053 1423 1219 1463; x_wconf 85' lang='lat' dir='ltr'>habens</span> <span class='ocrx_word' id='word_1_182' title='bbox 1236 1423 1692 1478; x_wconf 83' lang='lat' dir='ltr'>similiterrespectum</span> <span class='ocrx_word' id='word_1_183' title='bbox 1715 1425 1771 1466; x_wconf 89' lang='lat' dir='ltr'>ad</span> 
     </span>
     <span class='ocr_line' id='line_1_22' title="bbox 237 1491 1828 1545; baseline -0.001 -7"><span class='ocrx_word' id='word_1_184' title='bbox 237 1496 448 1539; x_wconf 85' lang='lat' dir='ltr'>terminos</span> <span class='ocrx_word' id='word_1_185' title='bbox 492 1494 655 1543; x_wconf 86' lang='lat' dir='ltr'>mundi,</span> <span class='ocrx_word' id='word_1_186' title='bbox 692 1500 758 1533; x_wconf 88' lang='lat' dir='ltr'>est</span> <span class='ocrx_word' id='word_1_187' title='bbox 794 1493 1041 1545; x_wconf 87' lang='lat' dir='ltr'>superficies</span> <span class='ocrx_word' id='word_1_188' title='bbox 1070 1492 1074 1544; x_wconf 81' lang='grc' dir='ltr'>Ι</span> <span class='ocrx_word' id='word_1_189' title='bbox 1103 1505 1191 1533; x_wconf 93' lang='lat' dir='ltr'>non</span> <span class='ocrx_word' id='word_1_190' title='bbox 1233 1491 1392 1542; x_wconf 84' lang='lat' dir='ltr'>locans,</span> <span class='ocrx_word' id='word_1_191' title='bbox 1435 1505 1513 1534; x_wconf 91' lang='lat' dir='ltr'>nec</span> <span class='ocrx_word' id='word_1_192' title='bbox 1554 1494 1771 1535; x_wconf 85' lang='lat' dir='ltr'>racionem</span> <span class='ocrx_word' id='word_1_193' title='bbox 1794 1513 1828 1536; x_wconf 84' lang='lat'>20</span> 
     </span>
     <span class='ocr_line' id='line_1_23' title="bbox 239 1561 1772 1615; baseline -0.003 -8"><span class='ocrx_word' id='word_1_194' title='bbox 239 1565 424 1607; x_wconf 90' lang='lat' dir='ltr'>localem</span> <span class='ocrx_word' id='word_1_195' title='bbox 451 1563 627 1610; x_wconf 85' lang='lat' dir='ltr'>habens,</span> <span class='ocrx_word' id='word_1_196' title='bbox 649 1569 716 1603; x_wconf 88' lang='lat' dir='ltr'>set</span> <span class='ocrx_word' id='word_1_197' title='bbox 737 1561 871 1601; x_wconf 89' lang='lat' dir='ltr'>habet</span> <span class='ocrx_word' id='word_1_198' title='bbox 894 1562 1002 1601; x_wconf 84' lang='lat' dir='ltr'>duas</span> <span class='ocrx_word' id='word_1_199' title='bbox 1024 1561 1317 1601; x_wconf 84' lang='lat' dir='ltr'>dimensiones</span> <span class='ocrx_word' id='word_1_200' title='bbox 1347 1561 1439 1602; x_wconf 88' lang='lat' dir='ltr'>sine</span> <span class='ocrx_word' id='word_1_201' title='bbox 1461 1561 1772 1615; x_wconf 81' lang='lat' dir='ltr'>profunditate,</span> 
     </span>
     <span class='ocr_line' id='line_1_24' title="bbox 238 1629 1770 1683; baseline -0.003 -8"><span class='ocrx_word' id='word_1_202' title='bbox 238 1642 280 1675; x_wconf 89' lang='lat' dir='ltr'>et</span> <span class='ocrx_word' id='word_1_203' title='bbox 313 1641 378 1675; x_wconf 92' lang='lat' dir='ltr'>est</span> <span class='ocrx_word' id='word_1_204' title='bbox 404 1632 545 1673; x_wconf 90' lang='lat' dir='ltr'>solum</span> <span class='ocrx_word' id='word_1_205' title='bbox 579 1631 621 1671; x_wconf 90' lang='lat' dir='ltr'>in</span> <span class='ocrx_word' id='word_1_206' title='bbox 656 1643 840 1683; x_wconf 87' lang='lat' dir='ltr'>corpore</span> <span class='ocrx_word' id='word_1_207' title='bbox 871 1629 1088 1678; x_wconf 87' lang='lat' dir='ltr'>absolute,</span> <span class='ocrx_word' id='word_1_208' title='bbox 1124 1642 1210 1669; x_wconf 90' lang='lat' dir='ltr'>non</span> <span class='ocrx_word' id='word_1_209' title='bbox 1244 1630 1285 1670; x_wconf 91' lang='lat' dir='ltr'>in</span> <span class='ocrx_word' id='word_1_210' title='bbox 1318 1637 1517 1682; x_wconf 86' lang='lat' dir='ltr'>respectu</span> <span class='ocrx_word' id='word_1_211' title='bbox 1549 1631 1605 1671; x_wconf 87' lang='lat' dir='ltr'>ad</span> <span class='ocrx_word' id='word_1_212' title='bbox 1638 1631 1770 1673; x_wconf 61' lang='lat' dir='ltr'>aliude</span> 
     </span>
     <span class='ocr_line' id='line_1_25' title="bbox 238 1698 1772 1757; baseline -0.002 -14"><span class='ocrx_word' id='word_1_213' title='bbox 238 1704 372 1757; x_wconf 77' lang='lat' dir='ltr'>Quod</span> <span class='ocrx_word' id='word_1_214' title='bbox 399 1707 547 1742; x_wconf 86' lang='lat' dir='ltr'>autem</span> <span class='ocrx_word' id='word_1_215' title='bbox 569 1698 836 1740; x_wconf 84' lang='lat' dir='ltr'>Aristoteles</span> <span class='ocrx_word' id='word_1_216' title='bbox 857 1699 983 1752; x_wconf 90' lang='lat' dir='ltr'>ponit</span> <span class='ocrx_word' id='word_1_217' title='bbox 1011 1698 1155 1738; x_wconf 87' lang='lat' dir='ltr'>locum</span> <span class='ocrx_word' id='word_1_218' title='bbox 1178 1712 1273 1740; x_wconf 90' lang='lat' dir='ltr'>esse</span> <span class='ocrx_word' id='word_1_219' title='bbox 1299 1699 1490 1752; x_wconf 86' lang='lat' dir='ltr'>speciem</span> <span class='ocrx_word' id='word_1_220' title='bbox 1513 1700 1772 1752; x_wconf 85' lang='lat' dir='ltr'>quantitatis</span> 
     </span>
     <span class='ocr_line' id='line_1_26' title="bbox 238 1768 1774 1823; baseline -0.002 -11"><span class='ocrx_word' id='word_1_221' title='bbox 238 1773 281 1813; x_wconf 91' lang='lat' dir='ltr'>in</span> <span class='ocrx_word' id='word_1_222' title='bbox 318 1769 671 1818; x_wconf 69' lang='lat' dir='ltr'>Predz&#39;camentis,</span> <span class='ocrx_word' id='word_1_223' title='bbox 710 1781 796 1808; x_wconf 93' lang='lat' dir='ltr'>non</span> <span class='ocrx_word' id='word_1_224' title='bbox 830 1768 953 1820; x_wconf 88' lang='lat' dir='ltr'>ponit</span> <span class='ocrx_word' id='word_1_225' title='bbox 989 1781 1147 1808; x_wconf 86' lang='lat' dir='ltr'>novam</span> <span class='ocrx_word' id='word_1_226' title='bbox 1185 1768 1374 1820; x_wconf 90' lang='lat' dir='ltr'>speciem</span> <span class='ocrx_word' id='word_1_227' title='bbox 1412 1769 1666 1809; x_wconf 84' lang='lat' dir='ltr'>distinctam</span> <span class='ocrx_word' id='word_1_228' title='bbox 1697 1782 1774 1823; x_wconf 88' lang='lat' dir='ltr'>per</span> 
     </span>
     <span class='ocr_line' id='line_1_27' title="bbox 239 1837 1830 1892; baseline -0.004 -9"><span class='ocrx_word' id='word_1_229' title='bbox 239 1840 477 1883; x_wconf 88' lang='lat' dir='ltr'>essenciam</span> <span class='ocrx_word' id='word_1_230' title='bbox 510 1853 535 1879; x_wconf 86' lang='lat' dir='ltr'>a</span> <span class='ocrx_word' id='word_1_231' title='bbox 566 1837 804 1892; x_wconf 87' lang='lat' dir='ltr'>superficie,</span> <span class='ocrx_word' id='word_1_232' title='bbox 835 1837 911 1878; x_wconf 90' lang='lat' dir='ltr'>sed</span> <span class='ocrx_word' id='word_1_233' title='bbox 945 1837 1198 1877; x_wconf 86' lang='lat' dir='ltr'>distinctam</span> <span class='ocrx_word' id='word_1_234' title='bbox 1232 1838 1275 1877; x_wconf 90' lang='lat' dir='ltr'>in</span> <span class='ocrx_word' id='word_1_235' title='bbox 1307 1844 1519 1891; x_wconf 85' lang='lat' dir='ltr'>respectu.</span> <span class='ocrx_word' id='word_1_236' title='bbox 1583 1837 1643 1878; x_wconf 89' lang='lat' dir='ltr'>Et</span> <span class='ocrx_word' id='word_1_237' title='bbox 1672 1838 1774 1891; x_wconf 89' lang='lat' dir='ltr'>quia</span> <span class='ocrx_word' id='word_1_238' title='bbox 1795 1855 1830 1887; x_wconf 79' lang='lat'>²⁵</span> 
     </span>
     <span class='ocr_line' id='line_1_28' title="bbox 238 1905 1774 1960; baseline -0.004 -9"><span class='ocrx_word' id='word_1_239' title='bbox 238 1910 483 1951; x_wconf 79' lang='lat' dir='ltr'>extrinseca</span> <span class='ocrx_word' id='word_1_240' title='bbox 515 1907 739 1960; x_wconf 86' lang='lat' dir='ltr'>quantitas</span> <span class='ocrx_word' id='word_1_241' title='bbox 768 1911 834 1946; x_wconf 89' lang='lat' dir='ltr'>est</span> <span class='ocrx_word' id='word_1_242' title='bbox 866 1906 926 1945; x_wconf 89' lang='lat' dir='ltr'>rei</span> <span class='ocrx_word' id='word_1_243' title='bbox 955 1905 1108 1956; x_wconf 84' lang='lat' dir='ltr'>locate,</span> <span class='ocrx_word' id='word_1_244' title='bbox 1130 1918 1218 1945; x_wconf 92' lang='lat' dir='ltr'>non</span> <span class='ocrx_word' id='word_1_245' title='bbox 1248 1906 1494 1956; x_wconf 87' lang='lat' dir='ltr'>intrinseca,</span> <span class='ocrx_word' id='word_1_246' title='bbox 1517 1907 1629 1948; x_wconf 90' lang='lat' dir='ltr'>sicut</span> <span class='ocrx_word' id='word_1_247' title='bbox 1661 1906 1774 1946; x_wconf 87' lang='lat' dir='ltr'>linea</span> 
     </span>
     <span class='ocr_line' id='line_1_29' title="bbox 239 1973 1774 2033; baseline -0.005 -13"><span class='ocrx_word' id='word_1_248' title='bbox 239 1978 487 2033; x_wconf 86' lang='lat' dir='ltr'>superficies</span> <span class='ocrx_word' id='word_1_249' title='bbox 531 1982 574 2017; x_wconf 92' lang='lat' dir='ltr'>et</span> <span class='ocrx_word' id='word_1_250' title='bbox 617 1989 775 2029; x_wconf 89' lang='lat' dir='ltr'>corpus</span> <span class='ocrx_word' id='word_1_251' title='bbox 814 1973 876 2029; x_wconf 85' lang='lat' dir='ltr'>(et</span> <span class='ocrx_word' id='word_1_252' title='bbox 918 1973 1031 2014; x_wconf 82' lang='lat' dir='ltr'>hanc</span> <span class='ocrx_word' id='word_1_253' title='bbox 1062 1975 1392 2016; x_wconf 89' lang='lat' dir='ltr'>distinccionem</span> <span class='ocrx_word' id='word_1_254' title='bbox 1430 1976 1585 2017; x_wconf 91' lang='lat' dir='ltr'>debuit</span> <span class='ocrx_word' id='word_1_255' title='bbox 1621 1981 1774 2016; x_wconf 88' lang='lat' dir='ltr'>notare</span> 
     </span>
     <span class='ocr_line' id='line_1_30' title="bbox 240 2042 1774 2100; baseline -0.003 -12"><span class='ocrx_word' id='word_1_256' title='bbox 240 2049 283 2088; x_wconf 92' lang='lat' dir='ltr'>in</span> <span class='ocrx_word' id='word_1_257' title='bbox 309 2045 595 2100; x_wconf 76' lang='lat' dir='ltr'>Logz&#39;calibus,</span> <span class='ocrx_word' id='word_1_258' title='bbox 616 2045 696 2085; x_wconf 92' lang='lat' dir='ltr'>nisi</span> <span class='ocrx_word' id='word_1_259' title='bbox 718 2042 1047 2098; x_wconf 83' lang='lat' dir='ltr'>superficialiter</span> <span class='ocrx_word' id='word_1_260' title='bbox 1064 2043 1346 2099; x_wconf 87' lang='lat' dir='ltr'>loquitu1·)‚et</span> <span class='ocrx_word' id='word_1_261' title='bbox 1368 2045 1467 2085; x_wconf 88' lang='lat' dir='ltr'>ideo</span> <span class='ocrx_word' id='word_1_262' title='bbox 1489 2049 1774 2085; x_wconf 86' lang='lat' dir='ltr'>connumerat</span> 
     </span>
     <span class='ocr_line' id='line_1_31' title="bbox 241 2112 1843 2171; baseline -0.004 -14"><span class='ocrx_word' id='word_1_263' title='bbox 241 2117 401 2167; x_wconf 88' lang='lat' dir='ltr'>locum,</span> <span class='ocrx_word' id='word_1_264' title='bbox 426 2121 468 2155; x_wconf 92' lang='lat' dir='ltr'>et</span> <span class='ocrx_word' id='word_1_265' title='bbox 491 2113 717 2165; x_wconf 79' lang='lat' dir='ltr'>distinguit</span> <span class='ocrx_word' id='word_1_266' title='bbox 735 2127 760 2153; x_wconf 87' lang='lat' dir='ltr'>a</span> <span class='ocrx_word' id='word_1_267' title='bbox 781 2112 1032 2165; x_wconf 80' lang='lat' dir='ltr'>superficie3</span> <span class='ocrx_word' id='word_1_268' title='bbox 1065 2120 1131 2153; x_wconf 85' lang='lat' dir='ltr'>set</span> <span class='ocrx_word' id='word_1_269' title='bbox 1149 2126 1236 2154; x_wconf 91' lang='lat' dir='ltr'>non</span> <span class='ocrx_word' id='word_1_270' title='bbox 1256 2112 1359 2154; x_wconf 89' lang='lat' dir='ltr'>fecit</span> <span class='ocrx_word' id='word_1_271' title='bbox 1381 2113 1478 2165; x_wconf 90' lang='lat' dir='ltr'>hoc,</span> <span class='ocrx_word' id='word_1_272' title='bbox 1495 2113 1568 2154; x_wconf 89' lang='lat' dir='ltr'>ubi</span> <span class='ocrx_word' id='word_1_273' title='bbox 1584 2112 1776 2166; x_wconf 85' lang='lat' dir='ltr'>loquitur</span> <span class='ocrx_word' id='word_1_274' title='bbox 1841 2165 1843 2171; x_wconf 22' lang='lat' dir='ltr'><em>A</em></span> 
     </span>
     <span class='ocr_line' id='line_1_32' title="bbox 242 2181 1844 2239; baseline -0.002 -14"><span class='ocrx_word' id='word_1_275' title='bbox 242 2186 285 2225; x_wconf 91' lang='lat' dir='ltr'>in</span> <span class='ocrx_word' id='word_1_276' title='bbox 299 2185 358 2225; x_wconf 86' lang='lat' dir='ltr'><em>M</em></span> <span class='ocrx_word' id='word_1_277' title='bbox 357 2183 635 2236; x_wconf 56' lang='lat' dir='ltr'>etleaplczkica,</span> <span class='ocrx_word' id='word_1_278' title='bbox 652 2183 791 2236; x_wconf 81' lang='lat' dir='ltr'>magis</span> <span class='ocrx_word' id='word_1_279' title='bbox 806 2182 847 2221; x_wconf 93' lang='lat' dir='ltr'>in</span> <span class='ocrx_word' id='word_1_280' title='bbox 864 2182 1079 2235; x_wconf 89' lang='lat' dir='ltr'>profundo</span> <span class='ocrx_word' id='word_1_281' title='bbox 1092 2183 1296 2231; x_wconf 83' lang='lat' dir='ltr'>veritatis,</span> <span class='ocrx_word' id='word_1_282' title='bbox 1315 2196 1394 2224; x_wconf 90' lang='lat' dir='ltr'>nec</span> <span class='ocrx_word' id='word_1_283' title='bbox 1409 2183 1451 2223; x_wconf 91' lang='lat' dir='ltr'>in</span> <span class='ocrx_word' id='word_1_284' title='bbox 1466 2183 1519 2222; x_wconf 90' lang='lat' dir='ltr'><em>N</em></span> <span class='ocrx_word' id='word_1_285' title='bbox 1518 2181 1774 2229; x_wconf 67' lang='lat' dir='ltr'>muralibus,</span> <span class='ocrx_word' id='word_1_286' title='bbox 1795 2197 1844 2239; x_wconf 58' lang='lat'>3⁰1</span> 
     </span>
     <span class='ocr_line' id='line_1_33' title="bbox 244 2244 1843 2316; baseline -0.002 -23"><span class='ocrx_word' id='word_1_287' title='bbox 244 2253 317 2293; x_wconf 89' lang='lat' dir='ltr'>ubi</span> <span class='ocrx_word' id='word_1_288' title='bbox 340 2254 444 2294; x_wconf 91' lang='lat' dir='ltr'>dicit</span> <span class='ocrx_word' id='word_1_289' title='bbox 467 2253 584 2305; x_wconf 89' lang='lat' dir='ltr'>quod</span> <span class='ocrx_word' id='word_1_290' title='bbox 608 2252 727 2292; x_wconf 91' lang='lat' dir='ltr'>locus</span> <span class='ocrx_word' id='word_1_291' title='bbox 751 2258 817 2292; x_wconf 87' lang='lat' dir='ltr'>est</span> <span class='ocrx_word' id='word_1_292' title='bbox 839 2251 1039 2292; x_wconf 89' lang='lat' dir='ltr'>ultimum</span> <span class='ocrx_word' id='word_1_293' title='bbox 1063 2252 1339 2301; x_wconf 88' lang='lat' dir='ltr'>continentis,</span> <span class='ocrx_word' id='word_1_294' title='bbox 1363 2259 1405 2292; x_wconf 90' lang='lat' dir='ltr'>et</span> <span class='ocrx_word' id='word_1_295' title='bbox 1427 2252 1510 2292; x_wconf 95' lang='lat' dir='ltr'>hoc</span> <span class='ocrx_word' id='word_1_296' title='bbox 1537 2258 1603 2292; x_wconf 93' lang='lat' dir='ltr'>est</span> <span class='ocrx_word' id='word_1_297' title='bbox 1625 2263 1776 2303; x_wconf 88' lang='lat' dir='ltr'>super·</span> <span class='ocrx_word' id='word_1_298' title='bbox 1841 2244 1843 2316; x_wconf 88' lang='grc'>1</span> 
     </span>
     <span class='ocr_line' id='line_1_34' title="bbox 243 2315 1851 2372; baseline -0.002 -13"><span class='ocrx_word' id='word_1_299' title='bbox 243 2319 373 2360; x_wconf 88' lang='lat' dir='ltr'>ficies.</span> <span class='ocrx_word' id='word_1_300' title='bbox 437 2319 568 2372; x_wconf 75' lang='lat' dir='ltr'>Quod</span> <span class='ocrx_word' id='word_1_301' title='bbox 600 2325 748 2358; x_wconf 85' lang='lat' dir='ltr'>autem</span> <span class='ocrx_word' id='word_1_302' title='bbox 786 2317 890 2358; x_wconf 89' lang='lat' dir='ltr'>dicit</span> <span class='ocrx_word' id='word_1_303' title='bbox 926 2316 1191 2358; x_wconf 87' lang='lat' dir='ltr'>Aristoteles</span> <span class='ocrx_word' id='word_1_304' title='bbox 1224 2318 1266 2357; x_wconf 90' lang='lat' dir='ltr'>in</span> <span class='ocrx_word' id='word_1_305' title='bbox 1301 2317 1658 2366; x_wconf 68' lang='lat' dir='ltr'>Predicamenlz‘s,</span> <span class='ocrx_word' id='word_1_306' title='bbox 1692 2315 1774 2357; x_wconf 91' lang='lat' dir='ltr'>loci</span> <span class='ocrx_word' id='word_1_307' title='bbox 1842 2321 1851 2367; x_wconf 62' lang='lat'>{1</span> 
     </span>
    </p>
   </div>
   <div class='ocr_carea' id='block_1_4' title="bbox 243 2369 1852 2505">
    <p class='ocr_par' dir='ltr' id='par_1_4' title="bbox 243 2369 1852 2505">
     <span class='ocr_line' id='line_1_35' title="bbox 244 2369 1852 2447; baseline -0.002 -18"><span class='ocrx_word' id='word_1_308' title='bbox 244 2395 391 2442; x_wconf 86' lang='lat' dir='ltr'>partes</span> <span class='ocrx_word' id='word_1_309' title='bbox 422 2387 615 2440; x_wconf 89' lang='lat' dir='ltr'>copulari</span> <span class='ocrx_word' id='word_1_310' title='bbox 645 2387 700 2426; x_wconf 87' lang='lat' dir='ltr'>ad</span> <span class='ocrx_word' id='word_1_311' title='bbox 728 2387 845 2426; x_wconf 90' lang='lat' dir='ltr'>idem</span> <span class='ocrx_word' id='word_1_312' title='bbox 867 2387 922 2426; x_wconf 89' lang='lat' dir='ltr'>ad</span> <span class='ocrx_word' id='word_1_313' title='bbox 953 2386 1071 2438; x_wconf 89' lang='lat' dir='ltr'>quod</span> <span class='ocrx_word' id='word_1_314' title='bbox 1101 2386 1364 2439; x_wconf 86' lang='lat' dir='ltr'>copulantur</span> <span class='ocrx_word' id='word_1_315' title='bbox 1390 2391 1537 2439; x_wconf 82' lang='lat' dir='ltr'>partes</span> <span class='ocrx_word' id='word_1_316' title='bbox 1569 2386 1773 2439; x_wconf 88' lang='lat' dir='ltr'>corporis,</span> <span class='ocrx_word' id='word_1_317' title='bbox 1837 2369 1852 2447; x_wconf 77' lang='grc'>11</span> 
     </span>
     <span class='ocr_line' id='line_1_36' title="bbox 243 2451 1774 2505; baseline -0.003 -11"><span class='ocrx_word' id='word_1_318' title='bbox 243 2454 477 2495; x_wconf 87' lang='lat' dir='ltr'>dicendum</span> <span class='ocrx_word' id='word_1_319' title='bbox 513 2460 589 2501; x_wconf 89' lang='lat' dir='ltr'>est,</span> <span class='ocrx_word' id='word_1_320' title='bbox 625 2453 736 2493; x_wconf 91' lang='lat' dir='ltr'>sicut</span> <span class='ocrx_word' id='word_1_321' title='bbox 770 2452 954 2492; x_wconf 90' lang='lat' dir='ltr'>Boecius</span> <span class='ocrx_word' id='word_1_322' title='bbox 991 2452 1188 2505; x_wconf 80' lang='lat' dir='ltr'>exponit,</span> <span class='ocrx_word' id='word_1_323' title='bbox 1222 2452 1264 2492; x_wconf 92' lang='lat' dir='ltr'>id</span> <span class='ocrx_word' id='word_1_324' title='bbox 1303 2459 1380 2500; x_wconf 90' lang='lat' dir='ltr'>est,</span> <span class='ocrx_word' id='word_1_325' title='bbox 1418 2452 1474 2492; x_wconf 90' lang='lat' dir='ltr'>ad</span> <span class='ocrx_word' id='word_1_326' title='bbox 1504 2451 1774 2492; x_wconf 89' lang='lat' dir='ltr'>consimilem</span> 
     </span>
    </p>
   </div>
   <div class='ocr_carea' id='block_1_5' title="bbox 1836 1228 1877 3131">
    <p class='ocr_par' dir='ltr' id='par_1_5' title="bbox 1836 1228 1877 3131">
     <span class='ocr_line' id='line_1_37' title="bbox 1836 1228 1877 2598; baseline 0 -312"><span class='ocrx_word' id='word_1_327' title='bbox 1836 1228 1877 2350; x_wconf 95' lang='lat' dir='ltr'>     </span> <span class='ocrx_word' id='word_1_328' title='bbox 1850 2317 1877 2598; x_wconf 95' lang='lat' dir='ltr'>     </span> 
     </span>
     <span class='ocr_line' id='line_1_38' title="bbox 1845 2598 1877 3131; baseline 0 -240"><span class='ocrx_word' id='word_1_329' title='bbox 1845 2598 1877 3131; x_wconf 95' lang='lat' dir='ltr'>  </span> 
     </span>
    </p>
   </div>
   <div class='ocr_carea' id='block_1_6' title="bbox 317 2544 473 2547">
    <p class='ocr_par' dir='ltr' id='par_1_6' title="bbox 317 2544 473 2547">
     <span class='ocr_line' id='line_1_39' title="bbox 317 2544 473 2547; baseline 0 0"><span class='ocrx_word' id='word_1_330' title='bbox 317 2544 473 2547; x_wconf 95' lang='lat' dir='ltr'> </span> 
     </span>
    </p>
   </div>
   <div class='ocr_carea' id='block_1_7' title="bbox 243 2570 1854 2814">
    <p class='ocr_par' dir='ltr' id='par_1_7' title="bbox 243 2570 1854 2814">
     <span class='ocr_line' id='line_1_40' title="bbox 286 2570 1853 2617; baseline -0.003 -10"><span class='ocrx_word' id='word_1_331' title='bbox 286 2589 337 2616; x_wconf 73' lang='lat'>24.</span> <span class='ocrx_word' id='word_1_332' title='bbox 356 2588 397 2616; x_wconf 79' lang='lat'>32</span> <span class='ocrx_word' id='word_1_333' title='bbox 423 2576 732 2616; x_wconf 78' lang='lat' dir='ltr'>Predieamentis]</span> <span class='ocrx_word' id='word_1_334' title='bbox 751 2576 793 2606; x_wconf 86' lang='lat' dir='ltr'>de</span> <span class='ocrx_word' id='word_1_335' title='bbox 811 2581 948 2615; x_wconf 85' lang='lat' dir='ltr'>quanto.</span> <span class='ocrx_word' id='word_1_336' title='bbox 1843 2570 1853 2617; x_wconf 44' lang='lat'>&#39;3</span> 
     </span>
     <span class='ocr_line' id='line_1_41' title="bbox 290 2659 1854 2814; baseline -0.004 -101"><span class='ocrx_word' id='word_1_337' title='bbox 290 2693 302 2712; x_wconf 90' lang='lat'>1</span> <span class='ocrx_word' id='word_1_338' title='bbox 329 2683 514 2722; x_wconf 83' lang='lat' dir='ltr'>objectum]</span> <span class='ocrx_word' id='word_1_339' title='bbox 532 2683 717 2721; x_wconf 83' lang='lat' dir='ltr'>subjectum</span> <span class='ocrx_word' id='word_1_340' title='bbox 737 2682 769 2711; x_wconf 88' lang='lat' dir='ltr'><em>D</em></span> <span class='ocrx_word' id='word_1_341' title='bbox 926 2692 963 2720; x_wconf 91' lang='lat'>17</span> <span class='ocrx_word' id='word_1_342' title='bbox 988 2680 1163 2721; x_wconf 82' lang='lat' dir='ltr'>specifica]</span> <span class='ocrx_word' id='word_1_343' title='bbox 1180 2680 1312 2719; x_wconf 82' lang='lat' dir='ltr'>sperica</span> <span class='ocrx_word' id='word_1_344' title='bbox 1329 2679 1363 2709; x_wconf 91' lang='lat' dir='ltr'><em>D</em></span> <span class='ocrx_word' id='word_1_345' title='bbox 1508 2689 1550 2708; x_wconf 80' lang='lat'>20</span> <span class='ocrx_word' id='word_1_346' title='bbox 1574 2677 1643 2717; x_wconf 80' lang='lat' dir='ltr'>est]</span> <span class='ocrx_word' id='word_1_347' title='bbox 1663 2682 1696 2708; x_wconf 86' lang='lat' dir='ltr'>et</span> <span class='ocrx_word' id='word_1_348' title='bbox 1714 2676 1777 2707; x_wconf 79' lang='lat' dir='ltr'>FD</span> <span class='ocrx_word' id='word_1_349' title='bbox 1843 2659 1854 2814; x_wconf 80' lang='grc'><strong>’,1</strong></span> 
     </span>
     <span class='ocr_line' id='line_1_42' title="bbox 243 2733 1846 2773; baseline -0.003 -10"><span class='ocrx_word' id='word_1_350' title='bbox 243 2735 283 2763; x_wconf 81' lang='lat'>28</span> <span class='ocrx_word' id='word_1_351' title='bbox 309 2734 390 2773; x_wconf 88' lang='lat' dir='ltr'>nisi]</span> <span class='ocrx_word' id='word_1_352' title='bbox 410 2734 465 2764; x_wconf 87' lang='lat' dir='ltr'>ubi</span> <span class='ocrx_word' id='word_1_353' title='bbox 484 2733 558 2763; x_wconf 84' lang='lat' dir='ltr'>MD</span> <span class='ocrx_word' id='word_1_354' title='bbox 1844 2734 1846 2762; x_wconf 64' lang='lat' dir='ltr'>i</span> 
     </span>
    </p>
   </div>
  </div>
 </body>
</html>
