<?xml version="1.0" encoding="UTF-8"?>
<!DOCTYPE html PUBLIC "-//W3C//DTD XHTML 1.0 Transitional//EN"
    "http://www.w3.org/TR/xhtml1/DTD/xhtml1-transitional.dtd">
<html xmlns="http://www.w3.org/1999/xhtml" xml:lang="en" lang="en">
 <head>
  <title>
</title>
<meta http-equiv="Content-Type" content="text/html;charset=utf-8" />
  <meta name='ocr-system' content='tesseract 3.04.00' />
  <meta name='ocr-capabilities' content='ocr_page ocr_carea ocr_par ocr_line ocrx_word'/>
</head>
<body>
  <div class='ocr_page' id='page_1' title='image "./operahactenusine03baco_0077.png"; bbox 0 0 1898 3126; ppageno 0'>
   <div class='ocr_carea' id='block_1_1' title="bbox 18 837 55 858">
    <p class='ocr_par' dir='ltr' id='par_1_1' title="bbox 18 837 55 858">
     <span class='ocr_line' id='line_1_1' title="bbox 18 837 55 858; baseline 0 0"><span class='ocrx_word' id='word_1_1' title='bbox 18 837 55 858; x_wconf 92' lang='lat'><strong>10</strong></span> 
     </span>
    </p>
   </div>
   <div class='ocr_carea' id='block_1_2' title="bbox 19 1517 57 1539">
    <p class='ocr_par' dir='ltr' id='par_1_2' title="bbox 19 1517 57 1539">
     <span class='ocr_line' id='line_1_2' title="bbox 19 1517 57 1539; baseline 0 0"><span class='ocrx_word' id='word_1_2' title='bbox 19 1517 57 1539; x_wconf 90' lang='lat'><strong>20</strong></span> 
     </span>
    </p>
   </div>
   <div class='ocr_carea' id='block_1_3' title="bbox 21 2196 58 2226">
    <p class='ocr_par' dir='ltr' id='par_1_3' title="bbox 21 2196 58 2226">
     <span class='ocr_line' id='line_1_3' title="bbox 21 2196 58 2226; baseline 0 -8"><span class='ocrx_word' id='word_1_3' title='bbox 21 2196 58 2226; x_wconf 79' lang='lat'><strong>30</strong></span> 
     </span>
    </p>
   </div>
   <div class='ocr_carea' id='block_1_4' title="bbox 803 103 874 130">
    <p class='ocr_par' dir='ltr' id='par_1_4' title="bbox 803 103 874 130">
     <span class='ocr_line' id='line_1_4' title="bbox 803 103 874 130; baseline 0 -1"><span class='ocrx_word' id='word_1_4' title='bbox 803 103 874 130; x_wconf 82' lang='lat'><strong>201</strong></span> 
     </span>
    </p>
   </div>
   <div class='ocr_carea' id='block_1_5' title="bbox 60 195 1604 257">
    <p class='ocr_par' dir='ltr' id='par_1_5' title="bbox 60 195 1604 257">
     <span class='ocr_line' id='line_1_5' title="bbox 60 195 1604 257; baseline -0.001 -11"><span class='ocrx_word' id='word_1_5' title='bbox 60 195 331 253; x_wconf 83' lang='lat' dir='ltr'><strong>substancia,</strong></span> <span class='ocrx_word' id='word_1_6' title='bbox 353 218 409 244; x_wconf 84' lang='lat' dir='ltr'><strong>ex</strong></span> <span class='ocrx_word' id='word_1_7' title='bbox 427 204 598 245; x_wconf 88' lang='lat' dir='ltr'><strong>decimo</strong></span> <span class='ocrx_word' id='word_1_8' title='bbox 620 203 942 257; x_wconf 71' lang='lat' dir='ltr'><strong>lllctlzaplzisz&#39;ce‚</strong></span> <span class='ocrx_word' id='word_1_9' title='bbox 965 211 1007 244; x_wconf 86' lang='lat' dir='ltr'><strong>et</strong></span> <span class='ocrx_word' id='word_1_10' title='bbox 1032 204 1170 255; x_wconf 87' lang='lat' dir='ltr'><strong>primo</strong></span> <span class='ocrx_word' id='word_1_11' title='bbox 1193 203 1478 253; x_wconf 75' lang='lat' dir='ltr'><strong>Plcz&#39;sicorztm,</strong></span> <span class='ocrx_word' id='word_1_12' title='bbox 1502 204 1604 256; x_wconf 88' lang='lat' dir='ltr'><strong>quia</strong></span> 
     </span>
    </p>
   </div>
   <div class='ocr_carea' id='block_1_6' title="bbox 71 271 1749 1824">
    <p class='ocr_par' dir='ltr' id='par_1_6' title="bbox 71 271 1749 1064">
     <span class='ocr_line' id='line_1_6' title="bbox 73 271 1602 324; baseline -0.001 -11"><span class='ocrx_word' id='word_1_13' title='bbox 73 274 114 313; x_wconf 88' lang='lat' dir='ltr'><strong>in</strong></span> <span class='ocrx_word' id='word_1_14' title='bbox 145 272 264 313; x_wconf 90' lang='lat' dir='ltr'><strong>omni</strong></span> <span class='ocrx_word' id='word_1_15' title='bbox 291 284 447 324; x_wconf 81' lang='lat' dir='ltr'><strong>genere</strong></span> <span class='ocrx_word' id='word_1_16' title='bbox 476 279 544 313; x_wconf 93' lang='grc' dir='ltr'><strong>θεῖ</strong></span> <span class='ocrx_word' id='word_1_17' title='bbox 569 285 653 313; x_wconf 86' lang='lat' dir='ltr'><strong>una</strong></span> <span class='ocrx_word' id='word_1_18' title='bbox 682 271 961 313; x_wconf 80' lang='lat' dir='ltr'><strong>contrarietas</strong></span> <span class='ocrx_word' id='word_1_19' title='bbox 990 272 1133 324; x_wconf 91' lang='lat' dir='ltr'><strong>prima</strong></span> <span class='ocrx_word' id='word_1_20' title='bbox 1161 272 1398 312; x_wconf 86' lang='lat' dir='ltr'><strong>secundum</strong></span> <span class='ocrx_word' id='word_1_21' title='bbox 1427 273 1602 312; x_wconf 88' lang='lat' dir='ltr'><strong>Aristo-</strong></span> 
     </span>
     <span class='ocr_line' id='line_1_7' title="bbox 73 339 1749 394; baseline -0.002 -13"><span class='ocrx_word' id='word_1_22' title='bbox 73 340 203 382; x_wconf 85' lang='lat' dir='ltr'><strong>telem</strong></span> <span class='ocrx_word' id='word_1_23' title='bbox 233 341 359 380; x_wconf 87' lang='lat' dir='ltr'><strong>dictis</strong></span> <span class='ocrx_word' id='word_1_24' title='bbox 388 339 392 394; x_wconf 91' lang='grc' dir='ltr'>Ι</span> <span class='ocrx_word' id='word_1_25' title='bbox 421 339 538 388; x_wconf 86' lang='lat' dir='ltr'><strong>locis,</strong></span> <span class='ocrx_word' id='word_1_26' title='bbox 561 353 661 392; x_wconf 81' lang='lat' dir='ltr'><strong>ergo</strong></span> <span class='ocrx_word' id='word_1_27' title='bbox 685 340 727 379; x_wconf 92' lang='lat' dir='ltr'><strong>in</strong></span> <span class='ocrx_word' id='word_1_28' title='bbox 757 340 898 392; x_wconf 91' lang='lat' dir='ltr'><strong>primo</strong></span> <span class='ocrx_word' id='word_1_29' title='bbox 920 353 1090 393; x_wconf 80' lang='lat' dir='ltr'><strong>genere,</strong></span> <span class='ocrx_word' id='word_1_30' title='bbox 1113 346 1160 380; x_wconf 93' lang='lat' dir='ltr'><strong>ut</strong></span> <span class='ocrx_word' id='word_1_31' title='bbox 1183 340 1225 379; x_wconf 90' lang='lat' dir='ltr'><strong>in</strong></span> <span class='ocrx_word' id='word_1_32' title='bbox 1246 340 1506 389; x_wconf 81' lang='lat' dir='ltr'><strong>substancia,</strong></span> <span class='ocrx_word' id='word_1_33' title='bbox 1528 341 1605 381; x_wconf 89' lang='lat' dir='ltr'><strong>erit</strong></span> <span class='ocrx_word' id='word_1_34' title='bbox 1627 353 1664 388; x_wconf 84' lang='lat'><strong>57</strong></span> <span class='ocrx_word' id='word_1_35' title='bbox 1684 358 1701 377; x_wconf 83' lang='lat' dir='ltr'><strong>a</strong></span> <span class='ocrx_word' id='word_1_36' title='bbox 1721 356 1749 376; x_wconf 80' lang='lat'><strong>2.</strong></span> 
     </span>
     <span class='ocr_line' id='line_1_8' title="bbox 72 407 1604 462; baseline -0.001 -13"><span class='ocrx_word' id='word_1_37' title='bbox 72 409 210 462; x_wconf 85' lang='lat' dir='ltr'><strong>prima</strong></span> <span class='ocrx_word' id='word_1_38' title='bbox 250 408 546 448; x_wconf 77' lang='lat' dir='ltr'><strong>contrarietas,</strong></span> <span class='ocrx_word' id='word_1_39' title='bbox 608 408 721 448; x_wconf 89' lang='lat' dir='ltr'><strong>Cum</strong></span> <span class='ocrx_word' id='word_1_40' title='bbox 756 407 888 461; x_wconf 82' lang='lat' dir='ltr'><strong>igitur</strong></span> <span class='ocrx_word' id='word_1_41' title='bbox 930 408 1009 447; x_wconf 92' lang='lat' dir='ltr'><strong>hec</strong></span> <span class='ocrx_word' id='word_1_42' title='bbox 1051 408 1105 448; x_wconf 90' lang='lat' dir='ltr'><strong>sit</strong></span> <span class='ocrx_word' id='word_1_43' title='bbox 1140 408 1182 447; x_wconf 90' lang='lat' dir='ltr'><strong>in</strong></span> <span class='ocrx_word' id='word_1_44' title='bbox 1225 408 1334 456; x_wconf 88' lang='lat' dir='ltr'><strong>loco,</strong></span> <span class='ocrx_word' id='word_1_45' title='bbox 1373 408 1450 448; x_wconf 87' lang='lat' dir='ltr'><strong>erit</strong></span> <span class='ocrx_word' id='word_1_46' title='bbox 1485 408 1604 449; x_wconf 86' lang='lat' dir='ltr'><strong>locus</strong></span> 
     </span>
     <span class='ocr_line' id='line_1_9' title="bbox 73 475 1605 528; baseline -0.001 -11"><span class='ocrx_word' id='word_1_47' title='bbox 73 477 333 518; x_wconf 85' lang='lat' dir='ltr'><strong>substancia.</strong></span> <span class='ocrx_word' id='word_1_48' title='bbox 417 477 543 527; x_wconf 86' lang='lat' dir='ltr'><strong>Item,</strong></span> <span class='ocrx_word' id='word_1_49' title='bbox 585 475 850 516; x_wconf 84' lang='lat' dir='ltr'><strong>Aristoteles</strong></span> <span class='ocrx_word' id='word_1_50' title='bbox 892 476 997 516; x_wconf 91' lang='lat' dir='ltr'><strong>dicit</strong></span> <span class='ocrx_word' id='word_1_51' title='bbox 1039 476 1157 528; x_wconf 88' lang='lat' dir='ltr'><strong>quod</strong></span> <span class='ocrx_word' id='word_1_52' title='bbox 1196 475 1337 516; x_wconf 90' lang='lat' dir='ltr'><strong>celum</strong></span> <span class='ocrx_word' id='word_1_53' title='bbox 1380 483 1444 516; x_wconf 87' lang='lat' dir='ltr'><strong>est</strong></span> <span class='ocrx_word' id='word_1_54' title='bbox 1486 476 1605 517; x_wconf 88' lang='lat' dir='ltr'><strong>locus</strong></span> 
     </span>
     <span class='ocr_line' id='line_1_10' title="bbox 72 543 1602 598; baseline -0.002 -12"><span class='ocrx_word' id='word_1_55' title='bbox 72 545 194 598; x_wconf 82' lang='lat' dir='ltr'><strong>ignis,</strong></span> <span class='ocrx_word' id='word_1_56' title='bbox 219 545 329 596; x_wconf 79' lang='lat' dir='ltr'><strong>ignis</strong></span> <span class='ocrx_word' id='word_1_57' title='bbox 352 550 417 585; x_wconf 88' lang='lat' dir='ltr'><strong>est</strong></span> <span class='ocrx_word' id='word_1_58' title='bbox 440 543 559 584; x_wconf 91' lang='lat' dir='ltr'><strong>locus</strong></span> <span class='ocrx_word' id='word_1_59' title='bbox 581 543 703 593; x_wconf 80' lang='lat' dir='ltr'><strong>aeris,</strong></span> <span class='ocrx_word' id='word_1_60' title='bbox 726 557 799 583; x_wconf 89' lang='lat' dir='ltr'><strong>aer</strong></span> <span class='ocrx_word' id='word_1_61' title='bbox 831 551 895 583; x_wconf 90' lang='lat' dir='ltr'><strong>est</strong></span> <span class='ocrx_word' id='word_1_62' title='bbox 929 543 1047 584; x_wconf 91' lang='lat' dir='ltr'><strong>locus</strong></span> <span class='ocrx_word' id='word_1_63' title='bbox 1069 557 1192 596; x_wconf 87' lang='lat' dir='ltr'><strong>aque,</strong></span> <span class='ocrx_word' id='word_1_64' title='bbox 1214 557 1329 596; x_wconf 85' lang='lat' dir='ltr'><strong>aqua</strong></span> <span class='ocrx_word' id='word_1_65' title='bbox 1352 552 1478 593; x_wconf 87' lang='lat' dir='ltr'><strong>terre,</strong></span> <span class='ocrx_word' id='word_1_66' title='bbox 1500 557 1602 596; x_wconf 84' lang='lat' dir='ltr'><strong>ergo</strong></span> 
     </span>
     <span class='ocr_line' id='line_1_11' title="bbox 73 611 1603 667; baseline -0.001 -13"><span class='ocrx_word' id='word_1_67' title='bbox 73 613 175 667; x_wconf 89' lang='lat' dir='ltr'><strong>ipsis</strong></span> <span class='ocrx_word' id='word_1_68' title='bbox 203 612 462 653; x_wconf 84' lang='lat' dir='ltr'><strong>substanciis</strong></span> <span class='ocrx_word' id='word_1_69' title='bbox 483 612 733 653; x_wconf 83' lang='lat' dir='ltr'><strong>attribuitur</strong></span> <span class='ocrx_word' id='word_1_70' title='bbox 755 618 908 653; x_wconf 88' lang='lat' dir='ltr'><strong>natura</strong></span> <span class='ocrx_word' id='word_1_71' title='bbox 937 612 1033 653; x_wconf 90' lang='lat' dir='ltr'><strong>loci.</strong></span> <span class='ocrx_word' id='word_1_72' title='bbox 1100 613 1227 661; x_wconf 87' lang='lat' dir='ltr'><strong>Item,</strong></span> <span class='ocrx_word' id='word_1_73' title='bbox 1250 611 1371 653; x_wconf 91' lang='lat' dir='ltr'><strong>locus</strong></span> <span class='ocrx_word' id='word_1_74' title='bbox 1397 612 1603 653; x_wconf 89' lang='lat' dir='ltr'><strong>naturalis</strong></span> 
     </span>
     <span class='ocr_line' id='line_1_12' title="bbox 73 680 1605 734; baseline 0 -13"><span class='ocrx_word' id='word_1_75' title='bbox 73 681 246 734; x_wconf 89' lang='lat' dir='ltr'><strong>proprie</strong></span> <span class='ocrx_word' id='word_1_76' title='bbox 263 680 420 721; x_wconf 90' lang='lat' dir='ltr'><strong>dicitur</strong></span> <span class='ocrx_word' id='word_1_77' title='bbox 434 686 611 733; x_wconf 86' lang='lat' dir='ltr'><strong>propter</strong></span> <span class='ocrx_word' id='word_1_78' title='bbox 627 680 831 721; x_wconf 84' lang='lat' dir='ltr'><strong>virtutem</strong></span> <span class='ocrx_word' id='word_1_79' title='bbox 849 680 1092 721; x_wconf 85' lang='lat' dir='ltr'><strong>naturalem</strong></span> <span class='ocrx_word' id='word_1_80' title='bbox 1107 694 1239 732; x_wconf 87' lang='lat' dir='ltr'><strong>quam</strong></span> <span class='ocrx_word' id='word_1_81' title='bbox 1258 680 1390 720; x_wconf 88' lang='lat' dir='ltr'><strong>habet</strong></span> <span class='ocrx_word' id='word_1_82' title='bbox 1409 687 1605 734; x_wconf 85' lang='lat' dir='ltr'><strong>respectu</strong></span> 
     </span>
     <span class='ocr_line' id='line_1_13' title="bbox 73 748 1605 795; baseline -0.001 -5"><span class='ocrx_word' id='word_1_83' title='bbox 73 750 212 795; x_wconf 90' lang='lat' dir='ltr'><strong>locati,</strong></span> <span class='ocrx_word' id='word_1_84' title='bbox 254 756 319 790; x_wconf 88' lang='lat' dir='ltr'><strong>set</strong></span> <span class='ocrx_word' id='word_1_85' title='bbox 360 749 544 789; x_wconf 89' lang='lat' dir='ltr'><strong>locantis</strong></span> <span class='ocrx_word' id='word_1_86' title='bbox 586 748 838 788; x_wconf 81' lang='lat' dir='ltr'><strong>substancia</strong></span> <span class='ocrx_word' id='word_1_87' title='bbox 880 749 1012 789; x_wconf 91' lang='lat' dir='ltr'><strong>habet</strong></span> <span class='ocrx_word' id='word_1_88' title='bbox 1041 749 1152 789; x_wconf 89' lang='lat' dir='ltr'><strong>hanc</strong></span> <span class='ocrx_word' id='word_1_89' title='bbox 1190 749 1396 789; x_wconf 85' lang='lat' dir='ltr'><strong>virtutem</strong></span> <span class='ocrx_word' id='word_1_90' title='bbox 1432 755 1476 790; x_wconf 86' lang='lat' dir='ltr'><strong>et</strong></span> <span class='ocrx_word' id='word_1_91' title='bbox 1518 762 1605 789; x_wconf 87' lang='lat' dir='ltr'><strong>non</strong></span> 
     </span>
     <span class='ocr_line' id='line_1_14' title="bbox 73 815 1603 870; baseline -0.002 -11"><span class='ocrx_word' id='word_1_92' title='bbox 73 817 332 870; x_wconf 82' lang='lat' dir='ltr'><strong>superficies,</strong></span> <span class='ocrx_word' id='word_1_93' title='bbox 353 831 469 870; x_wconf 83' lang='lat' dir='ltr'><strong>ergo,</strong></span> <span class='ocrx_word' id='word_1_94' title='bbox 486 817 521 856; x_wconf 89' lang='lat' dir='ltr'><strong>si</strong></span> <span class='ocrx_word' id='word_1_95' title='bbox 535 815 782 870; x_wconf 85' lang='lat' dir='ltr'><strong>superficies</strong></span> <span class='ocrx_word' id='word_1_96' title='bbox 801 823 866 856; x_wconf 88' lang='lat' dir='ltr'><strong>est</strong></span> <span class='ocrx_word' id='word_1_97' title='bbox 887 815 1008 857; x_wconf 90' lang='lat' dir='ltr'><strong>locus</strong></span> <span class='ocrx_word' id='word_1_98' title='bbox 1032 816 1241 857; x_wconf 86' lang='lat' dir='ltr'><strong>naturalis</strong></span> <span class='ocrx_word' id='word_1_99' title='bbox 1264 824 1443 870; x_wconf 86' lang='lat' dir='ltr'><strong>propter</strong></span> <span class='ocrx_word' id='word_1_100' title='bbox 1463 817 1603 858; x_wconf 85' lang='lat' dir='ltr'><strong>solam</strong></span> 
     </span>
     <span class='ocr_line' id='line_1_15' title="bbox 73 884 1605 938; baseline -0.001 -11"><span class='ocrx_word' id='word_1_101' title='bbox 73 887 448 938; x_wconf 85' lang='lat' dir='ltr'><strong>comparacionem</strong></span> <span class='ocrx_word' id='word_1_102' title='bbox 476 885 531 925; x_wconf 89' lang='lat' dir='ltr'><strong>ad</strong></span> <span class='ocrx_word' id='word_1_103' title='bbox 554 885 760 925; x_wconf 90' lang='lat' dir='ltr'><strong>virtutem</strong></span> <span class='ocrx_word' id='word_1_104' title='bbox 784 885 906 933; x_wconf 84' lang='lat' dir='ltr'><strong>hanc,</strong></span> <span class='ocrx_word' id='word_1_105' title='bbox 931 885 1070 925; x_wconf 88' lang='lat' dir='ltr'><strong>multo</strong></span> <span class='ocrx_word' id='word_1_106' title='bbox 1094 884 1251 925; x_wconf 90' lang='lat' dir='ltr'><strong>sorcius</strong></span> <span class='ocrx_word' id='word_1_107' title='bbox 1281 886 1423 938; x_wconf 89' lang='lat' dir='ltr'><strong>ipsum</strong></span> <span class='ocrx_word' id='word_1_108' title='bbox 1446 885 1605 935; x_wconf 88' lang='lat' dir='ltr'><strong>locans,</strong></span> 
     </span>
     <span class='ocr_line' id='line_1_16' title="bbox 72 952 1605 1007; baseline 0.001 -13"><span class='ocrx_word' id='word_1_109' title='bbox 72 955 173 1007; x_wconf 88' lang='lat' dir='ltr'><strong>quia</strong></span> <span class='ocrx_word' id='word_1_110' title='bbox 204 954 337 994; x_wconf 89' lang='lat' dir='ltr'><strong>habet</strong></span> <span class='ocrx_word' id='word_1_111' title='bbox 368 954 477 993; x_wconf 90' lang='lat' dir='ltr'><strong>hanc</strong></span> <span class='ocrx_word' id='word_1_112' title='bbox 510 953 727 1001; x_wconf 87' lang='lat' dir='ltr'><strong>virtutem,</strong></span> <span class='ocrx_word' id='word_1_113' title='bbox 750 953 920 993; x_wconf 89' lang='lat' dir='ltr'><strong>dicetur</strong></span> <span class='ocrx_word' id='word_1_114' title='bbox 952 953 1072 993; x_wconf 86' lang='lat' dir='ltr'><strong>locus</strong></span> <span class='ocrx_word' id='word_1_115' title='bbox 1102 952 1332 1002; x_wconf 80' lang='lat' dir='ltr'><strong>naturali53</strong></span> <span class='ocrx_word' id='word_1_116' title='bbox 1365 955 1484 1006; x_wconf 86' lang='lat' dir='ltr'><strong>quod</strong></span> <span class='ocrx_word' id='word_1_117' title='bbox 1506 967 1605 995; x_wconf 92' lang='lat' dir='ltr'><strong>con-</strong></span> 
     </span>
     <span class='ocr_line' id='line_1_17' title="bbox 71 1023 416 1064; baseline 0 -2"><span class='ocrx_word' id='word_1_118' title='bbox 71 1023 315 1064; x_wconf 90' lang='lat' dir='ltr'><strong>cedendum</strong></span> <span class='ocrx_word' id='word_1_119' title='bbox 338 1029 416 1063; x_wconf 86' lang='lat' dir='ltr'><strong>est.</strong></span> 
     </span>
    </p>

    <p class='ocr_par' dir='ltr' id='par_1_7' title="bbox 72 1090 1609 1824">
     <span class='ocr_line' id='line_1_18' title="bbox 130 1090 1606 1143; baseline 0 -12"><span class='ocrx_word' id='word_1_120' title='bbox 130 1090 177 1131; x_wconf 82' lang='lat' dir='ltr'><strong>Si</strong></span> <span class='ocrx_word' id='word_1_121' title='bbox 218 1104 322 1130; x_wconf 86' lang='lat' dir='ltr'><strong>vero</strong></span> <span class='ocrx_word' id='word_1_122' title='bbox 368 1090 581 1131; x_wconf 90' lang='lat' dir='ltr'><strong>obiciatur</strong></span> <span class='ocrx_word' id='word_1_123' title='bbox 625 1091 744 1142; x_wconf 86' lang='lat' dir='ltr'><strong>quod</strong></span> <span class='ocrx_word' id='word_1_124' title='bbox 788 1091 905 1131; x_wconf 90' lang='lat' dir='ltr'><strong>locus</strong></span> <span class='ocrx_word' id='word_1_125' title='bbox 957 1099 1022 1131; x_wconf 90' lang='lat' dir='ltr'><strong>est</strong></span> <span class='ocrx_word' id='word_1_126' title='bbox 1064 1091 1270 1131; x_wconf 85' lang='lat' dir='ltr'><strong>ultimum</strong></span> <span class='ocrx_word' id='word_1_127' title='bbox 1325 1092 1606 1143; x_wconf 86' lang='lat' dir='ltr'><strong>continentis,</strong></span> 
     </span>
     <span class='ocr_line' id='line_1_19' title="bbox 72 1158 1604 1213; baseline 0 -13"><span class='ocrx_word' id='word_1_128' title='bbox 72 1159 306 1200; x_wconf 89' lang='lat' dir='ltr'><strong>secundum</strong></span> <span class='ocrx_word' id='word_1_129' title='bbox 347 1159 655 1200; x_wconf 89' lang='lat' dir='ltr'><strong>diffinicionem</strong></span> <span class='ocrx_word' id='word_1_130' title='bbox 703 1158 909 1199; x_wconf 88' lang='lat' dir='ltr'><strong>naturalis</strong></span> <span class='ocrx_word' id='word_1_131' title='bbox 940 1159 1203 1213; x_wconf 87' lang='lat' dir='ltr'><strong>philosophi,</strong></span> <span class='ocrx_word' id='word_1_132' title='bbox 1227 1167 1270 1201; x_wconf 87' lang='lat' dir='ltr'><strong>et</strong></span> <span class='ocrx_word' id='word_1_133' title='bbox 1302 1160 1504 1201; x_wconf 87' lang='lat' dir='ltr'><strong>ultimum</strong></span> <span class='ocrx_word' id='word_1_134' title='bbox 1540 1167 1604 1200; x_wconf 89' lang='lat' dir='ltr'><strong>est</strong></span> 
     </span>
     <span class='ocr_line' id='line_1_20' title="bbox 72 1226 1604 1280; baseline 0.001 -12"><span class='ocrx_word' id='word_1_135' title='bbox 72 1226 346 1280; x_wconf 83' lang='lat' dir='ltr'><strong>superficies;</strong></span> <span class='ocrx_word' id='word_1_136' title='bbox 394 1227 626 1268; x_wconf 88' lang='lat' dir='ltr'><strong>dicendum</strong></span> <span class='ocrx_word' id='word_1_137' title='bbox 662 1234 727 1267; x_wconf 91' lang='lat' dir='ltr'><strong>est</strong></span> <span class='ocrx_word' id='word_1_138' title='bbox 763 1228 883 1279; x_wconf 90' lang='lat' dir='ltr'><strong>quod</strong></span> <span class='ocrx_word' id='word_1_139' title='bbox 912 1227 1114 1268; x_wconf 89' lang='lat' dir='ltr'><strong>ultimum</strong></span> <span class='ocrx_word' id='word_1_140' title='bbox 1148 1229 1333 1269; x_wconf 80' lang='lat' dir='ltr'><strong>sumitur</strong></span> <span class='ocrx_word' id='word_1_141' title='bbox 1377 1229 1446 1269; x_wconf 91' lang='lat' dir='ltr'><strong>hic</strong></span> <span class='ocrx_word' id='word_1_142' title='bbox 1484 1242 1604 1269; x_wconf 86' lang='lat' dir='ltr'><strong>com-</strong></span> 
     </span>
     <span class='ocr_line' id='line_1_21' title="bbox 73 1294 1607 1348; baseline 0.001 -12"><span class='ocrx_word' id='word_1_143' title='bbox 73 1296 259 1336; x_wconf 90' lang='lat' dir='ltr'><strong>muniter</strong></span> <span class='ocrx_word' id='word_1_144' title='bbox 298 1295 354 1335; x_wconf 89' lang='lat' dir='ltr'><strong>ad</strong></span> <span class='ocrx_word' id='word_1_145' title='bbox 397 1294 684 1348; x_wconf 87' lang='lat' dir='ltr'><strong>superficiem,</strong></span> <span class='ocrx_word' id='word_1_146' title='bbox 728 1302 772 1335; x_wconf 92' lang='lat' dir='ltr'><strong>et</strong></span> <span class='ocrx_word' id='word_1_147' title='bbox 813 1296 868 1335; x_wconf 86' lang='lat' dir='ltr'><strong>ad</strong></span> <span class='ocrx_word' id='word_1_148' title='bbox 912 1302 1080 1348; x_wconf 85' lang='lat' dir='ltr'><strong>partem</strong></span> <span class='ocrx_word' id='word_1_149' title='bbox 1123 1296 1372 1337; x_wconf 90' lang='lat' dir='ltr'><strong>substancie</strong></span> <span class='ocrx_word' id='word_1_150' title='bbox 1425 1296 1607 1337; x_wconf 87' lang='lat' dir='ltr'><strong>locantis</strong></span> 
     </span>
     <span class='ocr_line' id='line_1_22' title="bbox 73 1362 1604 1418; baseline 0.001 -14"><span class='ocrx_word' id='word_1_151' title='bbox 73 1364 361 1418; x_wconf 86' lang='lat' dir='ltr'><strong>propinquam</strong></span> <span class='ocrx_word' id='word_1_152' title='bbox 381 1362 536 1412; x_wconf 70' lang='lat' dir='ltr'><strong>locam,</strong></span> <span class='ocrx_word' id='word_1_153' title='bbox 559 1376 644 1416; x_wconf 89' lang='lat' dir='ltr'><strong>que</strong></span> <span class='ocrx_word' id='word_1_154' title='bbox 660 1376 759 1414; x_wconf 89' lang='lat' dir='ltr'><strong>pars</strong></span> <span class='ocrx_word' id='word_1_155' title='bbox 782 1364 1029 1403; x_wconf 90' lang='lat' dir='ltr'><strong>substancie</strong></span> <span class='ocrx_word' id='word_1_156' title='bbox 1046 1362 1227 1404; x_wconf 87' lang='lat' dir='ltr'><strong>locantis</strong></span> <span class='ocrx_word' id='word_1_157' title='bbox 1242 1364 1375 1405; x_wconf 90' lang='lat' dir='ltr'><strong>habet</strong></span> <span class='ocrx_word' id='word_1_158' title='bbox 1398 1366 1604 1405; x_wconf 85' lang='lat' dir='ltr'><strong>virtutem</strong></span> 
     </span>
     <span class='ocr_line' id='line_1_23' title="bbox 74 1429 1609 1483; baseline 0.001 -10"><span class='ocrx_word' id='word_1_159' title='bbox 74 1431 357 1473; x_wconf 82' lang='lat' dir='ltr'><strong>conservandi</strong></span> <span class='ocrx_word' id='word_1_160' title='bbox 381 1431 582 1472; x_wconf 89' lang='lat' dir='ltr'><strong>locatum.</strong></span> <span class='ocrx_word' id='word_1_161' title='bbox 645 1429 690 1470; x_wconf 82' lang='lat' dir='ltr'><strong>Si</strong></span> <span class='ocrx_word' id='word_1_162' title='bbox 710 1437 756 1470; x_wconf 90' lang='lat' dir='ltr'><strong>tu</strong></span> <span class='ocrx_word' id='word_1_163' title='bbox 771 1431 888 1471; x_wconf 85' lang='lat' dir='ltr'><strong>dicas</strong></span> <span class='ocrx_word' id='word_1_164' title='bbox 910 1433 1027 1483; x_wconf 87' lang='lat' dir='ltr'><strong>quod</strong></span> <span class='ocrx_word' id='word_1_165' title='bbox 1051 1431 1171 1472; x_wconf 89' lang='lat' dir='ltr'><strong>locus</strong></span> <span class='ocrx_word' id='word_1_166' title='bbox 1195 1433 1237 1472; x_wconf 91' lang='lat' dir='ltr'><strong>in</strong></span> <span class='ocrx_word' id='word_1_167' title='bbox 1259 1432 1609 1474; x_wconf 69' lang='lat' dir='ltr'><strong>predicamentis</strong></span> 
     </span>
     <span class='ocr_line' id='line_1_24' title="bbox 73 1498 1608 1553; baseline 0.001 -14"><span class='ocrx_word' id='word_1_168' title='bbox 73 1506 115 1540; x_wconf 93' lang='lat' dir='ltr'><strong>et</strong></span> <span class='ocrx_word' id='word_1_169' title='bbox 156 1499 198 1539; x_wconf 90' lang='lat' dir='ltr'><strong>in</strong></span> <span class='ocrx_word' id='word_1_170' title='bbox 247 1498 577 1552; x_wconf 69' lang='lat' dir='ltr'><strong>Methapllisz&#39;cis</strong></span> <span class='ocrx_word' id='word_1_171' title='bbox 617 1511 840 1550; x_wconf 86' lang='lat' dir='ltr'><strong>nunquam</strong></span> <span class='ocrx_word' id='word_1_172' title='bbox 886 1499 1134 1552; x_wconf 83' lang='lat' dir='ltr'><strong>assignatur</strong></span> <span class='ocrx_word' id='word_1_173' title='bbox 1175 1500 1299 1541; x_wconf 90' lang='lat' dir='ltr'><strong>aliter</strong></span> <span class='ocrx_word' id='word_1_174' title='bbox 1354 1514 1486 1553; x_wconf 87' lang='lat' dir='ltr'><strong>quam</strong></span> <span class='ocrx_word' id='word_1_175' title='bbox 1529 1515 1608 1553; x_wconf 90' lang='lat' dir='ltr'><strong>pro</strong></span> 
     </span>
     <span class='ocr_line' id='line_1_25' title="bbox 73 1566 1604 1622; baseline 0.001 -15"><span class='ocrx_word' id='word_1_176' title='bbox 73 1567 327 1620; x_wconf 81' lang='lat' dir='ltr'><strong>quantitate,</strong></span> <span class='ocrx_word' id='word_1_177' title='bbox 346 1580 461 1620; x_wconf 85' lang='lat' dir='ltr'><strong>ergo,</strong></span> <span class='ocrx_word' id='word_1_178' title='bbox 486 1580 572 1606; x_wconf 92' lang='lat' dir='ltr'><strong>non</strong></span> <span class='ocrx_word' id='word_1_179' title='bbox 596 1567 675 1607; x_wconf 90' lang='lat' dir='ltr'><strong>erit</strong></span> <span class='ocrx_word' id='word_1_180' title='bbox 698 1566 818 1606; x_wconf 91' lang='lat' dir='ltr'><strong>locus</strong></span> <span class='ocrx_word' id='word_1_181' title='bbox 845 1567 1118 1617; x_wconf 81' lang='lat' dir='ltr'><strong>substancia3</strong></span> <span class='ocrx_word' id='word_1_182' title='bbox 1142 1569 1375 1609; x_wconf 90' lang='lat' dir='ltr'><strong>dicendum</strong></span> <span class='ocrx_word' id='word_1_183' title='bbox 1399 1576 1464 1610; x_wconf 87' lang='lat' dir='ltr'><strong>est</strong></span> <span class='ocrx_word' id='word_1_184' title='bbox 1486 1570 1604 1622; x_wconf 88' lang='lat' dir='ltr'><strong>quod</strong></span> 
     </span>
     <span class='ocr_line' id='line_1_26' title="bbox 73 1634 1604 1688; baseline 0.001 -13"><span class='ocrx_word' id='word_1_185' title='bbox 73 1636 311 1676; x_wconf 89' lang='lat' dir='ltr'><strong>secundum</strong></span> <span class='ocrx_word' id='word_1_186' title='bbox 335 1635 735 1675; x_wconf 80' lang='lat' dir='ltr'><strong>consideracionem</strong></span> <span class='ocrx_word' id='word_1_187' title='bbox 762 1634 890 1688; x_wconf 82' lang='lat' dir='ltr'><strong>logici</strong></span> <span class='ocrx_word' id='word_1_188' title='bbox 915 1635 1212 1688; x_wconf 83' lang='lat' dir='ltr'><strong>principalem,</strong></span> <span class='ocrx_word' id='word_1_189' title='bbox 1235 1637 1434 1678; x_wconf 87' lang='lat' dir='ltr'><strong>similiter</strong></span> <span class='ocrx_word' id='word_1_190' title='bbox 1455 1651 1604 1678; x_wconf 88' lang='lat' dir='ltr'><strong>secun-</strong></span> 
     </span>
     <span class='ocr_line' id='line_1_27' title="bbox 74 1702 1605 1758; baseline 0.001 -15"><span class='ocrx_word' id='word_1_191' title='bbox 74 1704 178 1744; x_wconf 90' lang='lat' dir='ltr'><strong>dum</strong></span> <span class='ocrx_word' id='word_1_192' title='bbox 201 1703 597 1744; x_wconf 88' lang='lat' dir='ltr'><strong>consideracionem</strong></span> <span class='ocrx_word' id='word_1_193' title='bbox 617 1702 933 1755; x_wconf 83' lang='lat' dir='ltr'><strong>methaphisici‚</strong></span> <span class='ocrx_word' id='word_1_194' title='bbox 951 1716 1036 1743; x_wconf 89' lang='lat' dir='ltr'><strong>non</strong></span> <span class='ocrx_word' id='word_1_195' title='bbox 1051 1711 1117 1745; x_wconf 87' lang='lat' dir='ltr'><strong>est</strong></span> <span class='ocrx_word' id='word_1_196' title='bbox 1134 1704 1254 1744; x_wconf 91' lang='lat' dir='ltr'><strong>locus</strong></span> <span class='ocrx_word' id='word_1_197' title='bbox 1278 1705 1357 1744; x_wconf 85' lang='lat' dir='ltr'><strong>nisi</strong></span> <span class='ocrx_word' id='word_1_198' title='bbox 1372 1705 1605 1758; x_wconf 79' lang='lat' dir='ltr'><strong>quantitas,</strong></span> 
     </span>
     <span class='ocr_line' id='line_1_28' title="bbox 73 1771 1604 1824; baseline 0 -12"><span class='ocrx_word' id='word_1_199' title='bbox 73 1773 175 1824; x_wconf 90' lang='lat' dir='ltr'><strong>quia</strong></span> <span class='ocrx_word' id='word_1_200' title='bbox 216 1785 301 1812; x_wconf 90' lang='lat' dir='ltr'><strong>non</strong></span> <span class='ocrx_word' id='word_1_201' title='bbox 342 1771 507 1812; x_wconf 88' lang='lat' dir='ltr'><strong>habent</strong></span> <span class='ocrx_word' id='word_1_202' title='bbox 549 1771 840 1824; x_wconf 87' lang='lat' dir='ltr'><strong>principaliter</strong></span> <span class='ocrx_word' id='word_1_203' title='bbox 880 1772 1153 1812; x_wconf 87' lang='lat' dir='ltr'><strong>considerare</strong></span> <span class='ocrx_word' id='word_1_204' title='bbox 1195 1774 1250 1813; x_wconf 90' lang='lat' dir='ltr'><strong>de</strong></span> <span class='ocrx_word' id='word_1_205' title='bbox 1295 1773 1403 1819; x_wconf 91' lang='lat' dir='ltr'><strong>loco,</strong></span> <span class='ocrx_word' id='word_1_206' title='bbox 1444 1773 1523 1813; x_wconf 86' lang='lat' dir='ltr'><strong>nisi</strong></span> <span class='ocrx_word' id='word_1_207' title='bbox 1562 1774 1604 1812; x_wconf 88' lang='lat' dir='ltr'><strong>in</strong></span> 
     </span>
    </p>
   </div>
   <div class='ocr_carea' id='block_1_7' title="bbox 39 1839 1605 1893">
    <p class='ocr_par' dir='ltr' id='par_1_8' title="bbox 39 1839 1605 1893">
     <span class='ocr_line' id='line_1_29' title="bbox 39 1839 1605 1893; baseline 0.001 -14"><span class='ocrx_word' id='word_1_208' title='bbox 39 1840 282 1888; x_wconf 57' lang='lat' dir='ltr'><strong>:divisione</strong></span> <span class='ocrx_word' id='word_1_209' title='bbox 310 1839 681 1892; x_wconf 89' lang='lat' dir='ltr'><strong>predicamentali‚</strong></span> <span class='ocrx_word' id='word_1_210' title='bbox 704 1844 769 1878; x_wconf 85' lang='lat' dir='ltr'><strong>set</strong></span> <span class='ocrx_word' id='word_1_211' title='bbox 795 1839 1003 1879; x_wconf 85' lang='lat' dir='ltr'><strong>naturalis</strong></span> <span class='ocrx_word' id='word_1_212' title='bbox 1031 1839 1314 1893; x_wconf 91' lang='lat' dir='ltr'><strong>philosophus</strong></span> <span class='ocrx_word' id='word_1_213' title='bbox 1341 1841 1474 1881; x_wconf 88' lang='lat' dir='ltr'><strong>habet</strong></span> <span class='ocrx_word' id='word_1_214' title='bbox 1505 1854 1605 1882; x_wconf 88' lang='lat' dir='ltr'><strong>con-</strong></span> 
     </span>
    </p>
   </div>
   <div class='ocr_carea' id='block_1_8' title="bbox 72 1907 1751 2438">
    <p class='ocr_par' dir='ltr' id='par_1_9' title="bbox 72 1907 1607 1959">
     <span class='ocr_line' id='line_1_30' title="bbox 72 1907 1607 1959; baseline 0.001 -12"><span class='ocrx_word' id='word_1_215' title='bbox 72 1908 260 1948; x_wconf 86' lang='lat' dir='ltr'><strong>siderare</strong></span> <span class='ocrx_word' id='word_1_216' title='bbox 292 1908 517 1959; x_wconf 89' lang='lat' dir='ltr'><strong>quomodo</strong></span> <span class='ocrx_word' id='word_1_217' title='bbox 549 1920 733 1959; x_wconf 88' lang='lat' dir='ltr'><strong>corpora</strong></span> <span class='ocrx_word' id='word_1_218' title='bbox 774 1907 985 1946; x_wconf 83' lang='lat' dir='ltr'><strong>naturalia</strong></span> <span class='ocrx_word' id='word_1_219' title='bbox 1031 1915 1340 1949; x_wconf 85' lang='lat' dir='ltr'><strong>conservantur</strong></span> <span class='ocrx_word' id='word_1_220' title='bbox 1372 1910 1460 1949; x_wconf 86' lang='lat' dir='ltr'><strong>suis</strong></span> <span class='ocrx_word' id='word_1_221' title='bbox 1501 1909 1607 1950; x_wconf 87' lang='lat' dir='ltr'><strong>locis</strong></span> 
     </span>
    </p>

    <p class='ocr_par' dir='ltr' id='par_1_10' title="bbox 74 1973 1606 2024">
     <span class='ocr_line' id='line_1_31' title="bbox 74 1973 1606 2024; baseline 0.002 -9"><span class='ocrx_word' id='word_1_222' title='bbox 74 1975 342 2016; x_wconf 88' lang='lat' dir='ltr'><strong>naturalibus</strong></span> <span class='ocrx_word' id='word_1_223' title='bbox 375 1982 418 2016; x_wconf 87' lang='lat' dir='ltr'><strong>et</strong></span> <span class='ocrx_word' id='word_1_224' title='bbox 434 1976 716 2014; x_wconf 88' lang='lat' dir='ltr'><strong>destruuntur</strong></span> <span class='ocrx_word' id='word_1_225' title='bbox 733 1987 758 2014; x_wconf 87' lang='lat' dir='ltr'><strong>a</strong></span> <span class='ocrx_word' id='word_1_226' title='bbox 779 1973 884 2014; x_wconf 88' lang='lat' dir='ltr'><strong>locis</strong></span> <span class='ocrx_word' id='word_1_227' title='bbox 903 1975 1230 2024; x_wconf 81' lang='lat' dir='ltr'><strong>innaturalibus,</strong></span> <span class='ocrx_word' id='word_1_228' title='bbox 1248 1983 1291 2017; x_wconf 86' lang='lat' dir='ltr'><strong>et</strong></span> <span class='ocrx_word' id='word_1_229' title='bbox 1314 1977 1412 2018; x_wconf 88' lang='lat' dir='ltr'><strong>ideo</strong></span> <span class='ocrx_word' id='word_1_230' title='bbox 1436 1983 1606 2018; x_wconf 86' lang='lat' dir='ltr'><strong>natura-</strong></span> 
     </span>
    </p>

    <p class='ocr_par' dir='ltr' id='par_1_11' title="bbox 73 2041 1607 2097">
     <span class='ocr_line' id='line_1_32' title="bbox 73 2041 1607 2097; baseline 0.002 -14"><span class='ocrx_word' id='word_1_231' title='bbox 73 2043 125 2084; x_wconf 88' lang='lat' dir='ltr'><strong>lis</strong></span> <span class='ocrx_word' id='word_1_232' title='bbox 146 2042 429 2096; x_wconf 90' lang='lat' dir='ltr'><strong>philosophus</strong></span> <span class='ocrx_word' id='word_1_233' title='bbox 452 2043 577 2082; x_wconf 88' lang='lat' dir='ltr'><strong>aliter</strong></span> <span class='ocrx_word' id='word_1_234' title='bbox 599 2042 758 2093; x_wconf 86' lang='lat' dir='ltr'><strong>accipit</strong></span> <span class='ocrx_word' id='word_1_235' title='bbox 781 2041 924 2082; x_wconf 90' lang='lat' dir='ltr'><strong>locum</strong></span> <span class='ocrx_word' id='word_1_236' title='bbox 940 2043 981 2081; x_wconf 91' lang='lat' dir='ltr'><strong>in</strong></span> <span class='ocrx_word' id='word_1_237' title='bbox 997 2056 1084 2083; x_wconf 86' lang='lat' dir='ltr'><strong>uno</strong></span> <span class='ocrx_word' id='word_1_238' title='bbox 1099 2057 1240 2091; x_wconf 83' lang='lat' dir='ltr'><strong>sensu,</strong></span> <span class='ocrx_word' id='word_1_239' title='bbox 1264 2058 1342 2097; x_wconf 92' lang='lat' dir='ltr'><strong>pro</strong></span> <span class='ocrx_word' id='word_1_240' title='bbox 1357 2044 1607 2086; x_wconf 86' lang='lat' dir='ltr'><strong>substancia</strong></span> 
     </span>
    </p>

    <p class='ocr_par' dir='ltr' id='par_1_12' title="bbox 75 2109 1605 2165">
     <span class='ocr_line' id='line_1_33' title="bbox 75 2109 1605 2165; baseline 0.001 -13"><span class='ocrx_word' id='word_1_241' title='bbox 75 2111 269 2152; x_wconf 87' lang='lat' dir='ltr'><strong>salvante</strong></span> <span class='ocrx_word' id='word_1_242' title='bbox 289 2111 358 2151; x_wconf 90' lang='lat' dir='ltr'><strong>vel</strong></span> <span class='ocrx_word' id='word_1_243' title='bbox 381 2117 688 2163; x_wconf 90' lang='lat' dir='ltr'><strong>corrumpente</strong></span> <span class='ocrx_word' id='word_1_244' title='bbox 711 2109 915 2160; x_wconf 83' lang='lat' dir='ltr'><strong>locatum,</strong></span> <span class='ocrx_word' id='word_1_245' title='bbox 931 2118 974 2151; x_wconf 87' lang='lat' dir='ltr'><strong>et</strong></span> <span class='ocrx_word' id='word_1_246' title='bbox 988 2118 1136 2152; x_wconf 87' lang='lat' dir='ltr'><strong>tamen</strong></span> <span class='ocrx_word' id='word_1_247' title='bbox 1160 2112 1323 2165; x_wconf 85' lang='lat' dir='ltr'><strong>logicus</strong></span> <span class='ocrx_word' id='word_1_248' title='bbox 1347 2113 1487 2153; x_wconf 90' lang='lat' dir='ltr'><strong>innuit</strong></span> <span class='ocrx_word' id='word_1_249' title='bbox 1509 2113 1605 2163; x_wconf 89' lang='lat' dir='ltr'><strong>hoc,</strong></span> 
     </span>
    </p>

    <p class='ocr_par' dir='ltr' id='par_1_13' title="bbox 75 2179 1606 2231">
     <span class='ocr_line' id='line_1_34' title="bbox 75 2179 1606 2231; baseline 0.002 -12"><span class='ocrx_word' id='word_1_250' title='bbox 75 2192 172 2219; x_wconf 91' lang='lat' dir='ltr'><strong>cum</strong></span> <span class='ocrx_word' id='word_1_251' title='bbox 195 2180 300 2220; x_wconf 87' lang='lat' dir='ltr'><strong>dicit</strong></span> <span class='ocrx_word' id='word_1_252' title='bbox 323 2179 442 2231; x_wconf 90' lang='lat' dir='ltr'><strong>quod</strong></span> <span class='ocrx_word' id='word_1_253' title='bbox 459 2179 655 2218; x_wconf 81' lang='lat' dir='ltr'><strong>maxima</strong></span> <span class='ocrx_word' id='word_1_254' title='bbox 678 2179 892 2219; x_wconf 87' lang='lat' dir='ltr'><strong>distancia</strong></span> <span class='ocrx_word' id='word_1_255' title='bbox 914 2185 957 2219; x_wconf 90' lang='lat' dir='ltr'><strong>et</strong></span> <span class='ocrx_word' id='word_1_256' title='bbox 979 2181 1262 2221; x_wconf 86' lang='lat' dir='ltr'><strong>contrarietas</strong></span> <span class='ocrx_word' id='word_1_257' title='bbox 1284 2188 1350 2222; x_wconf 88' lang='lat' dir='ltr'><strong>est</strong></span> <span class='ocrx_word' id='word_1_258' title='bbox 1372 2182 1414 2221; x_wconf 90' lang='lat' dir='ltr'><strong>in</strong></span> <span class='ocrx_word' id='word_1_259' title='bbox 1436 2181 1543 2231; x_wconf 90' lang='lat' dir='ltr'><strong>loco,</strong></span> <span class='ocrx_word' id='word_1_260' title='bbox 1563 2189 1606 2222; x_wconf 89' lang='lat' dir='ltr'><strong>et</strong></span> 
     </span>
    </p>

    <p class='ocr_par' dir='ltr' id='par_1_14' title="bbox 75 2245 1751 2370">
     <span class='ocr_line' id='line_1_35' title="bbox 75 2245 1751 2301; baseline 0.001 -13"><span class='ocrx_word' id='word_1_261' title='bbox 75 2247 424 2300; x_wconf 88' lang='lat' dir='ltr'><strong>methaphisicus,</strong></span> <span class='ocrx_word' id='word_1_262' title='bbox 447 2246 547 2287; x_wconf 88' lang='lat' dir='ltr'><strong>licet</strong></span> <span class='ocrx_word' id='word_1_263' title='bbox 574 2246 578 2297; x_wconf 90' lang='grc' dir='ltr'>Ι</span> <span class='ocrx_word' id='word_1_264' title='bbox 607 2245 813 2299; x_wconf 86' lang='lat' dir='ltr'><strong>inplicite,</strong></span> <span class='ocrx_word' id='word_1_265' title='bbox 836 2247 878 2286; x_wconf 91' lang='lat' dir='ltr'><strong>in</strong></span> <span class='ocrx_word' id='word_1_266' title='bbox 900 2248 1016 2287; x_wconf 90' lang='lat' dir='ltr'><strong>idem</strong></span> <span class='ocrx_word' id='word_1_267' title='bbox 1039 2250 1264 2289; x_wconf 85' lang='lat' dir='ltr'><strong>consentit.</strong></span> <span class='ocrx_word' id='word_1_268' title='bbox 1624 2269 1662 2301; x_wconf 66' lang='grc'><strong>5,-</strong></span> <span class='ocrx_word' id='word_1_269' title='bbox 1681 2261 1700 2290; x_wconf 76' lang='lat' dir='ltr'><strong>b</strong></span> <span class='ocrx_word' id='word_1_270' title='bbox 1725 2270 1751 2291; x_wconf 63' lang='grc' dir='ltr'><strong>γ,</strong></span> 
     </span>
     <span class='ocr_line' id='line_1_36' title="bbox 132 2315 1602 2370; baseline 0.002 -15"><span class='ocrx_word' id='word_1_271' title='bbox 132 2315 298 2364; x_wconf 86' lang='lat' dir='ltr'><strong>Tercio,</strong></span> <span class='ocrx_word' id='word_1_272' title='bbox 337 2315 698 2355; x_wconf 87' lang='lat' dir='ltr'><strong>considerandum</strong></span> <span class='ocrx_word' id='word_1_273' title='bbox 731 2321 797 2355; x_wconf 89' lang='lat' dir='ltr'><strong>est</strong></span> <span class='ocrx_word' id='word_1_274' title='bbox 828 2316 883 2355; x_wconf 90' lang='lat' dir='ltr'><strong>de</strong></span> <span class='ocrx_word' id='word_1_275' title='bbox 914 2316 993 2356; x_wconf 88' lang='lat' dir='ltr'><strong>hac</strong></span> <span class='ocrx_word' id='word_1_276' title='bbox 1023 2317 1193 2357; x_wconf 84' lang='lat' dir='ltr'><strong>virtute.</strong></span> <span class='ocrx_word' id='word_1_277' title='bbox 1256 2317 1444 2359; x_wconf 89' lang='lat' dir='ltr'><strong>Videtur</strong></span> <span class='ocrx_word' id='word_1_278' title='bbox 1484 2319 1602 2370; x_wconf 88' lang='lat' dir='ltr'><strong>quod</strong></span> 
     </span>
    </p>

    <p class='ocr_par' dir='ltr' id='par_1_15' title="bbox 76 2383 1603 2438">
     <span class='ocr_line' id='line_1_37' title="bbox 76 2383 1603 2438; baseline 0.002 -16"><span class='ocrx_word' id='word_1_279' title='bbox 76 2383 193 2423; x_wconf 88' lang='lat' dir='ltr'><strong>nulla</strong></span> <span class='ocrx_word' id='word_1_280' title='bbox 234 2384 289 2423; x_wconf 89' lang='lat' dir='ltr'><strong>sit</strong></span> <span class='ocrx_word' id='word_1_281' title='bbox 329 2383 463 2423; x_wconf 89' lang='lat' dir='ltr'><strong>virtus</strong></span> <span class='ocrx_word' id='word_1_282' title='bbox 497 2383 579 2423; x_wconf 91' lang='lat' dir='ltr'><strong>loci</strong></span> <span class='ocrx_word' id='word_1_283' title='bbox 621 2384 914 2424; x_wconf 85' lang='lat' dir='ltr'><strong>conservantis</strong></span> <span class='ocrx_word' id='word_1_284' title='bbox 956 2384 1163 2434; x_wconf 89' lang='lat' dir='ltr'><strong>locatum,</strong></span> <span class='ocrx_word' id='word_1_285' title='bbox 1200 2386 1303 2438; x_wconf 88' lang='lat' dir='ltr'><strong>quia</strong></span> <span class='ocrx_word' id='word_1_286' title='bbox 1340 2386 1603 2427; x_wconf 87' lang='lat' dir='ltr'><strong>contrarium</strong></span> 
     </span>
    </p>
   </div>
   <div class='ocr_carea' id='block_1_9' title="bbox 81 2517 1607 2726">
    <p class='ocr_par' dir='ltr' id='par_1_16' title="bbox 81 2517 1607 2726">
     <span class='ocr_line' id='line_1_38' title="bbox 124 2517 1227 2560; baseline 0.002 -13"><span class='ocrx_word' id='word_1_287' title='bbox 124 2529 136 2547; x_wconf 93' lang='lat'>1</span> <span class='ocrx_word' id='word_1_288' title='bbox 164 2519 454 2560; x_wconf 74' lang='lat' dir='ltr'><strong>Methaphjsice]</strong></span> <span class='ocrx_word' id='word_1_289' title='bbox 472 2530 503 2549; x_wconf 84' lang='lat' dir='ltr'><strong>x.</strong></span> <span class='ocrx_word' id='word_1_290' title='bbox 522 2529 552 2557; x_wconf 84' lang='lat'><strong>3.</strong></span> <span class='ocrx_word' id='word_1_291' title='bbox 796 2517 1047 2558; x_wconf 85' lang='lat' dir='ltr'><strong>Phisicorum]</strong></span> <span class='ocrx_word' id='word_1_292' title='bbox 1068 2518 1085 2548; x_wconf 92' lang='lat' dir='ltr'><strong>i.</strong></span> <span class='ocrx_word' id='word_1_293' title='bbox 1098 2527 1140 2556; x_wconf 84' lang='lat'><strong>50</strong></span> <span class='ocrx_word' id='word_1_294' title='bbox 1157 2528 1227 2557; x_wconf 84' lang='lat' dir='ltr'><strong>sqq.</strong></span> 
     </span>
     <span class='ocr_line' id='line_1_39' title="bbox 118 2632 1607 2675; baseline 0.001 -12"><span class='ocrx_word' id='word_1_295' title='bbox 118 2644 138 2671; x_wconf 87' lang='lat'><strong>4</strong></span> <span class='ocrx_word' id='word_1_296' title='bbox 162 2633 240 2674; x_wconf 88' lang='lat' dir='ltr'><strong>hec]</strong></span> <span class='ocrx_word' id='word_1_297' title='bbox 256 2634 318 2664; x_wconf 89' lang='lat' dir='ltr'><strong>hec</strong></span> <span class='ocrx_word' id='word_1_298' title='bbox 336 2635 555 2665; x_wconf 87' lang='lat' dir='ltr'><strong>contrarietas</strong></span> <span class='ocrx_word' id='word_1_299' title='bbox 572 2634 605 2663; x_wconf 87' lang='lat' dir='ltr'><em>D</em></span> <span class='ocrx_word' id='word_1_300' title='bbox 731 2636 752 2664; x_wconf 82' lang='lat'><strong>6</strong></span> <span class='ocrx_word' id='word_1_301' title='bbox 775 2632 878 2673; x_wconf 89' lang='lat' dir='ltr'><strong>aqua]</strong></span> <span class='ocrx_word' id='word_1_302' title='bbox 895 2643 924 2663; x_wconf 87' lang='lat' dir='ltr'><strong>a.</strong></span> <span class='ocrx_word' id='word_1_303' title='bbox 944 2638 996 2663; x_wconf 85' lang='lat' dir='ltr'><strong>est</strong></span> <span class='ocrx_word' id='word_1_304' title='bbox 1012 2632 1105 2663; x_wconf 85' lang='lat' dir='ltr'><strong>locus</strong></span> <span class='ocrx_word' id='word_1_305' title='bbox 1121 2633 1183 2663; x_wconf 83' lang='lat' dir='ltr'><strong>FD</strong></span> <span class='ocrx_word' id='word_1_306' title='bbox 1311 2644 1332 2672; x_wconf 94' lang='lat'><strong>9</strong></span> <span class='ocrx_word' id='word_1_307' title='bbox 1356 2633 1470 2675; x_wconf 89' lang='lat' dir='ltr'><strong>locati]</strong></span> <span class='ocrx_word' id='word_1_308' title='bbox 1488 2634 1554 2665; x_wconf 90' lang='lat' dir='ltr'><strong>loci</strong></span> <span class='ocrx_word' id='word_1_309' title='bbox 1570 2635 1607 2664; x_wconf 88' lang='lat' dir='ltr'><em>D</em></span> 
     </span>
     <span class='ocr_line' id='line_1_40' title="bbox 81 2684 1605 2726; baseline 0.001 -12"><span class='ocrx_word' id='word_1_310' title='bbox 81 2694 118 2723; x_wconf 88' lang='lat'><strong>15</strong></span> <span class='ocrx_word' id='word_1_311' title='bbox 142 2685 347 2726; x_wconf 88' lang='lat' dir='ltr'><strong>philosophi]</strong></span> <span class='ocrx_word' id='word_1_312' title='bbox 367 2685 584 2725; x_wconf 86' lang='lat' dir='ltr'><strong>philosophie</strong></span> <span class='ocrx_word' id='word_1_313' title='bbox 602 2685 635 2714; x_wconf 89' lang='lat' dir='ltr'><em>D</em></span> <span class='ocrx_word' id='word_1_314' title='bbox 799 2695 840 2723; x_wconf 84' lang='lat'><strong>29</strong></span> <span class='ocrx_word' id='word_1_315' title='bbox 863 2684 943 2724; x_wconf 89' lang='lat' dir='ltr'><strong>hoc]</strong></span> <span class='ocrx_word' id='word_1_316' title='bbox 961 2685 1003 2714; x_wconf 90' lang='lat' dir='ltr'><strong>ad</strong></span> <span class='ocrx_word' id='word_1_317' title='bbox 1020 2684 1082 2715; x_wconf 90' lang='lat' dir='ltr'><strong>hoc</strong></span> <span class='ocrx_word' id='word_1_318' title='bbox 1099 2685 1132 2714; x_wconf 81' lang='lat' dir='ltr'><em>F</em></span> <span class='ocrx_word' id='word_1_319' title='bbox 1288 2694 1330 2724; x_wconf 84' lang='lat'><strong>33</strong></span> <span class='ocrx_word' id='word_1_320' title='bbox 1354 2686 1605 2726; x_wconf 85' lang='lat' dir='ltr'><strong>conservantis]</strong></span> 
     </span>
    </p>
   </div>
   <div class='ocr_carea' id='block_1_10' title="bbox 76 2737 360 2768">
    <p class='ocr_par' dir='ltr' id='par_1_17' title="bbox 76 2737 360 2768">
     <span class='ocr_line' id='line_1_41' title="bbox 76 2737 360 2768; baseline 0 -2"><span class='ocrx_word' id='word_1_321' title='bbox 76 2746 281 2768; x_wconf 84' lang='lat' dir='ltr'><strong>conservans</strong></span> <span class='ocrx_word' id='word_1_322' title='bbox 298 2737 360 2767; x_wconf 87' lang='lat' dir='ltr'><strong>FD</strong></span> 
     </span>
    </p>
   </div>
   <div class='ocr_carea' id='block_1_11' title="bbox 142 2800 853 2833">
    <p class='ocr_par' dir='ltr' id='par_1_18' title="bbox 142 2800 853 2833">
     <span class='ocr_line' id='line_1_42' title="bbox 142 2800 853 2833; baseline 0.003 -2"><span class='ocrx_word' id='word_1_323' title='bbox 142 2815 168 2833; x_wconf 76' lang='lat' dir='ltr'><strong>R.</strong></span> <span class='ocrx_word' id='word_1_324' title='bbox 186 2816 210 2832; x_wconf 86' lang='grc' dir='ltr'><strong>Β.</strong></span> <span class='ocrx_word' id='word_1_325' title='bbox 228 2816 256 2833; x_wconf 83' lang='lat'><strong>111</strong></span> <span class='ocrx_word' id='word_1_326' title='bbox 829 2800 853 2830; x_wconf 83' lang='lat' dir='ltr'>P</span> 
     </span>
    </p>
   </div>
  </div>
 </body>
</html>
