1898 3126
53 843 88 864 10

50 1190 87 1222 15

53 1533 92 1554 20

54 2214 94 2243 30

56 2555 94 2586 35

826 106 905 150 275

110 209 158 249 fit
194 211 385 251 mixtum
424 218 467 251 et
503 211 729 263 quomodo
767 216 911 264 potest
947 224 1038 250 esse
1073 223 1204 250 unum
1241 224 1297 250 ex
1332 218 1520 263 quatuor
1553 212 1636 252 ele-

109 279 276 328 mentis,
310 285 353 319 et
384 292 468 332 que
500 279 554 319 sit
586 279 726 319 forma
763 278 902 325 mixti,
934 285 977 318 et
1012 278 1151 318 multa
1185 280 1296 319 circa
1329 279 1408 320 hec
1443 280 1485 320 in
1519 294 1638 320 corn-

109 347 226 386 muni
258 361 342 400 que
376 348 566 387 habeant
601 348 716 399 apud
754 347 932 399 vulgum
967 359 1131 386 errores
1169 360 1350 400 magnos
1383 355 1425 388 et
1464 349 1637 390 multos.

111 415 169 455 Et
203 422 358 468 postea
392 416 617 469 quomodo
650 422 909 469 generantur
945 416 1086 467 prima
1124 415 1265 455 mixta
1303 423 1345 455 et
1380 424 1488 468 quot
1522 423 1636 464 sunt,

108 490 155 524 ut
188 484 392 525 humores
422 484 640 538 simplices
672 491 716 525 et
747 485 993 537 compositi,
1020 490 1063 523 et
1091 485 1317 535 quomodo
1350 491 1495 537 potest
1525 487 1638 525 mix-

110 559 203 592 tum
228 554 383 606 equale
404 553 611 607 generari.
667 553 799 594 Unde
822 553 1027 593 descendi
1045 553 1100 592 ad
1126 553 1457 605 complexiones
1478 567 1639 601 omnes,

108 628 151 662 et
204 622 347 663 inveni
388 622 594 663 humores
643 628 828 675 quatuor
871 622 1102 674 inequales,
1143 628 1186 662 et
1231 622 1432 674 quintum
1475 622 1638 674 equale,

109 691 227 743 quod
274 697 421 731 tamen
457 697 610 732 natura
647 691 739 731 sola
775 692 991 732 rarissime
1038 690 1155 741 facit,
1192 691 1293 743 quia
1334 704 1419 730 non
1456 698 1520 731 est
1557 691 1636 731 nisi

110 760 151 799 in
184 773 290 800 auro
328 760 571 813 purissimo,
636 760 696 801 Et
730 760 911 801 extendi
953 760 1348 803 consideracionem
1391 760 1446 799 ad
1489 773 1640 800 omnes

110 828 267 867 modos
311 828 440 869 mixti
487 842 544 869 ex
591 828 829 879 elementis,
872 829 1112 868 secundum
1165 829 1283 880 quod
1326 828 1552 869 Avicenna
1598 829 1640 868 in

110 895 221 936 libro
253 909 332 937 suo
366 897 542 950 majoris
574 897 749 938 alkimie
778 898 900 950 ponit
932 903 1105 937 centum
1140 898 1426 949 quadraginta
1451 911 1499 937 .v.
1523 910 1639 937 com-

110 965 349 1017 posiciones
374 966 502 1006 mixti
528 980 586 1006 ex
612 966 850 1007 elementis.
915 966 974 1006 Et
996 966 1180 1018 exposui
1203 965 1474 1006 Avicennam
1499 965 1540 1005 in
1561 966 1641 1005 hac

109 1039 245 1087 parte,
272 1047 387 1085 nam,
411 1035 521 1074 sicut
553 1035 788 1086 alkimista‚
820 1035 1057 1075 occultavit
1081 1033 1218 1074 multa
1241 1035 1281 1074 in
1305 1034 1386 1075 hoc
1411 1034 1519 1075 loco.
1584 1033 1641 1073 Et

109 1101 273 1142 elevavi
304 1108 541 1144 tractatum
574 1104 630 1144 ad
661 1109 824 1144 statum
857 1103 1105 1144 innocencie
1136 1103 1337 1152 hominis,
1369 1111 1412 1144 et
1444 1104 1498 1144 ad
1531 1102 1644 1143 hunc

109 1177 274 1212 statum
292 1172 654 1225 c01·rupci0nis‚et
668 1179 767 1226 post
782 1173 1145 1213 resurreccionem
1176 1173 1179 1223 j
1209 1179 1255 1212 ut
1272 1172 1451 1212 sciretur
1467 1172 1643 1224 quando

108 1240 330 1292 pervenire
361 1247 508 1294 potest
540 1247 694 1281 natura
739 1241 930 1281 humana
969 1242 1023 1281 ad
1061 1241 1353 1293 equalitatem.
1391 1247 1434 1280 et
1467 1241 1644 1292 quando

112 1321 248 1360 prope
271 1323 385 1359 eam,
402 1316 445 1350 et
468 1311 646 1362 quando
666 1310 893 1363 elongatur
907 1311 962 1350 ab
981 1310 1077 1350 hoc.
1142 1309 1198 1349 Et
1213 1317 1314 1350 tunc
1337 1309 1484 1349 addidi
1504 1315 1641 1349 totam

111 1378 441 1429 generacionem
474 1379 764 1420 metallorum.
830 1379 888 1418 Et
922 1393 977 1419 ex
1011 1378 1092 1418 hoc
1131 1384 1250 1430 patet
1280 1378 1386 1418 satis
1416 1378 1645 1431 generacio

112 1447 241 1486 mixti
284 1447 325 1486 in
361 1447 588 1489 universali
632 1455 674 1488 et
715 1448 945 1502 generacio
989 1448 1116 1487 mixti
1159 1447 1378 1487 inanimati
1433 1453 1643 1499 quantum

111 1528 287 1568 presens
320 1518 541 1568 persuasio
573 1517 763 1569 requirit,
794 1523 974 1569 propter
1002 1517 1119 1568 quod
1149 1516 1459 1556 transeundum
1493 1522 1556 1555 est
1589 1517 1644 1554 ad

112 1584 307 1624 animata
341 1597 426 1637 que
457 1592 559 1625 sunt
591 1586 631 1624 in
663 1584 934 1638 quadruplici
967 1584 1215 1625 differencia
1246 1583 1312 1623 vel
1344 1584 1385 1622 in
1416 1582 1645 1636 quintupla

116 1659 294 1706 propter
314 1652 457 1706 aliqua
489 1653 692 1706 specialia
716 1655 827 1694 circa
851 1653 1083 1694 hominem.
1149 1652 1300 1692 Plante
1326 1665 1427 1692 vero
1456 1652 1646 1691 animate

113 1728 216 1762 sunt
238 1728 281 1762 et
304 1735 462 1762 nomen
485 1722 633 1774 plante
655 1728 720 1762 est
741 1735 975 1762 commune
997 1722 1051 1762 ad
1075 1735 1204 1761 omne
1227 1720 1471 1774 vegetabile
1493 1733 1645 1759 secun-

115 1791 220 1830 dum
236 1790 523 1831 Aristotelem
539 1792 581 1831 in
602 1791 713 1832 libro
727 1805 806 1831 suo
828 1790 895 1830 De
913 1791 1100 1831 Planlis.
1142 1790 1353 1830 Animata
1375 1803 1476 1829 vero
1500 1789 1645 1828 omnia

76 1874 91 1903 5
113 1873 199 1912 que
221 1866 485 1911 generantur
513 1873 589 1912 per
611 1860 977 1912 propagacionem
1002 1859 1163 1899 habent
1185 1860 1373 1911 quedam
1396 1858 1645 1897 communia

113 1942 170 1969 ex
202 1928 359 1980 quibus
385 1928 605 1981 dependet
637 1928 833 1981 specialis
865 1928 1095 1982 generacio
1127 1940 1288 1966 eorum.
1352 1927 1467 1966 Nam
1498 1925 1645 1965 omnia

112 1993 277 2034 habent
309 1994 501 2033 animam
523 1995 817 2046 vegetativam
849 2007 934 2046 que
956 2001 1020 2034 est
1050 1993 1308 2046 principium
1336 1991 1647 2046 generacionis‚

116 2063 189 2103 illa
220 2063 334 2103 enim
367 2062 500 2103 habet
522 2069 609 2103 tres
641 2063 923 2115 operaciones
955 2062 1193 2102 secundum
1217 2068 1305 2102 tres
1337 2060 1428 2112 ejus
1448 2061 1642 2100 virtutes.

117 2132 235 2171 Nam
258 2132 395 2171 virtus
418 2131 626 2171 nutritiva
652 2132 809 2183 digerit
832 2132 977 2171 cibum
1003 2137 1046 2171 et
1067 2137 1233 2184 potum,
1266 2135 1313 2169 ut
1334 2130 1390 2169 sit
1412 2134 1564 2181 aptum
1587 2128 1642 2167 ad

114 2200 405 2246 nutriendum,
428 2200 635 2252 quoniam
658 2199 870 2239 assimilat
897 2200 1209 2239 nutrimentum
1240 2198 1434 2251 partibus
1467 2197 1525 2237 rei
1555 2196 1644 2236 ani-

115 2274 232 2308 mate
249 2274 292 2309 et
309 2268 521 2309 convertit
538 2268 654 2320 quod
670 2280 845 2307 necesse
861 2273 926 2307 est
941 2267 983 2307 in
999 2281 1071 2308 eas
1090 2272 1265 2320 propter
1279 2265 1644 2306 restauracionem

116 2338 343 2390 deperditi,
363 2351 446 2390 que
461 2336 708 2389 deperdicio
723 2336 882 2376 accidit
899 2350 955 2376 ex
971 2342 1122 2376 mutua
1137 2335 1310 2375 accione
1326 2334 1643 2374 elementorum

113 2407 425 2447 contrariorum
448 2419 503 2446 ex
525 2406 681 2458 quibus
703 2412 848 2458 partes
878 2405 937 2444 rei
967 2406 1159 2445 animate
1189 2408 1521 2456 componuntur.
1585 2401 1647 2442 Et

114 2476 156 2515 in
175 2475 409 2528 juvenibus
440 2482 543 2515 ante
570 2475 863 2527 quantitatem
890 2474 1085 2514 debitam
1115 2479 1312 2525 respectu
1339 2470 1647 2524 generacionis‚

114 2545 248 2585 virtus
289 2544 617 2597 augmentativa
655 2543 874 2583 residuum
917 2542 1112 2582 alimenti
1153 2541 1309 2594 digesti
1352 2541 1567 2582 convertit
1604 2541 1646 2580 in

115 2613 405 2666 quantitatem
424 2613 629 2665 corporis.
684 2611 742 2652 Et
755 2612 930 2663 quando
946 2609 1203 2651 sufficienter
1220 2616 1284 2650 est
1299 2615 1645 2662 augmentatum,

164 2769 204 2791 10
227 2759 435 2800 Avieenna]
453 2769 511 2790 see
528 2759 684 2790 sanioris
701 2756 876 2788 Medicinae
893 2758 1007 2797 (1603‘1
1028 2757 1079 2787 for
1096 2756 1290 2795 fragments,

1667 1176 1779 1218 79b5
