1877 3131
105 1403 225 1433 50:11.

972 108 1052 158 176

248 221 349 273 quia
371 234 465 262 esse
486 234 747 273 permanens
777 227 841 261 est
864 234 939 274 per
965 220 1218 274 oppositum
1249 221 1305 261 ad
1335 220 1670 262 successionem.
1733 220 1780 263 Si

248 298 397 330 tamen
439 289 735 331 consideretur
769 302 896 329 evum
941 294 1138 342 respectu
1181 289 1404 342 temporis,
1441 289 1503 330 sic
1538 289 1778 331 secundum

250 358 519 400 locucionem
544 358 700 399 damus
731 359 768 398 ei
801 357 1159 405 divisibilitatem,
1183 358 1423 399 secundum
1452 358 1571 411 quod
1604 364 1780 412 tempus

248 428 381 469 habet
404 427 521 479 prius
543 434 585 468 et
607 428 849 480 posterius;
882 433 925 467 et
947 426 1008 466 sic
1031 426 1215 467 dicimus
1237 427 1356 479 quod
1384 427 1531 467 anima
1552 427 1688 481 patris
1714 432 1780 467 est

248 495 364 549 prius
401 509 532 548 quam
567 496 714 535 anima
756 495 842 545 filii,
876 501 1058 547 propter
1099 494 1360 535 distanciam
1397 495 1699 548 temporalem,
1736 502 1779 536 et

249 564 510 618 principium
549 564 699 604 mundi
738 570 804 605 est
845 563 966 616 prius
1007 576 1141 615 quam
1184 564 1352 604 creacio
1388 563 1571 617 alicujus
1609 564 1651 603 in
1694 562 1781 604 fine

249 633 412 673 mundi.
475 631 551 673 Set
594 633 627 672 si
671 632 951 672 absolvamus
988 645 1115 672 evum
1158 646 1183 672 a
1217 632 1551 685 comparacione
1588 633 1680 685 ejus
1722 633 1779 673 ad

248 708 429 753 tempus,
452 707 554 740 tunc
577 714 663 740 non
690 708 755 741 est
787 700 934 741 anima
959 700 1092 752 patris
1118 700 1232 753 prior
1260 701 1405 742 anima
1434 700 1523 751 filii,
1548 707 1613 741 set
1639 700 1780 750 simul,

246 769 311 809 vel
335 770 377 809 in
400 770 555 810 eodem
579 783 658 810 evo
681 775 790 817 tote,
811 769 913 809 licet
937 776 1151 821 quantum
1175 770 1228 810 ad
1252 776 1426 822 tempus
1454 769 1778 810 consideratum
1836 767 1837 771 ’

248 838 358 878 inter
379 838 487 878 duas
509 838 768 885 creaciones,
791 837 845 878 sit
867 837 925 877 ibi
949 838 1069 890 prius
1088 844 1131 878 et
1154 837 1381 890 posterius.
1444 837 1503 878 Et
1524 838 1628 890 quia
1650 851 1781 891 super

250 907 332 947 hoc
349 919 521 960 semper
535 906 669 947 fertur
692 905 940 946 intellectus
963 912 1124 956 noster,
1139 906 1238 946 ideo
1256 906 1430 947 difficile
1452 912 1517 947 est
1535 906 1660 947 nobis
1681 920 1781 947 con—

247 975 436 1015 siderare
469 976 695 1027 quomodo
719 975 761 1014 in
788 976 942 1015 eodem
974 989 1054 1015 evo
1085 982 1186 1015 sunt
1215 975 1362 1015 anima
1389 975 1528 1027 patris
1560 981 1603 1015 et
1629 974 1715 1025 filii,
1738 981 1781 1016 et
1838 1001 1842 1014 ι,

248 1044 472 1095 quomodo
496 1049 694 1097 respectu
720 1044 785 1084 evi
810 1042 1013 1084 absolute
1031 1044 1116 1084 sint
1135 1044 1283 1084 omnia
1307 1044 1434 1084 simul
1458 1044 1779 1098 permanencia.
1838 1066 1844 1089 ,κ

306 1111 525 1162 Secundo,
546 1113 732 1153 obicitur
764 1113 883 1164 quod
917 1126 1016 1152 cum
1047 1113 1225 1154 duracio
1257 1113 1450 1162 eviterni,
1474 1118 1520 1153 ut
1549 1112 1781 1165 cnjuslibet

248 1181 483 1221 mensurati
507 1195 586 1222 evo
610 1181 665 1221 sit
687 1179 868 1229 infinita,
899 1181 967 1221 vel
991 1182 1082 1220 sine
1104 1180 1200 1230 fine,
1223 1188 1266 1221 et
1293 1194 1379 1221 non
1406 1187 1473 1221 est
1499 1181 1716 1222 successio
1738 1187 1780 1222 et

247 1250 422 1290 addicio
454 1249 496 1289 in
527 1250 738 1302 partibus,
761 1257 863 1290 tunc
896 1250 977 1290 erit
1010 1249 1228 1290 infinitum
1258 1256 1372 1297 acm,
1395 1251 1513 1302 quod
1545 1256 1612 1291 est
1635 1250 1779 1303 inpos·
1841 1266 1846 1294 t

247 1318 369 1359 sibile
408 1319 450 1357 in
481 1332 574 1359 esse
606 1325 824 1359 creature:
858 1319 914 1359 ad
944 1318 1027 1359 hoc
1059 1326 1208 1359 tamen
1239 1319 1489 1368 dicendum,
1522 1318 1639 1372 quod
1665 1318 1781 1359 mala

248 1386 526 1439 ymaginacio
555 1385 558 1440 Ι
588 1387 751 1440 decipit
773 1400 864 1436 nos,
886 1387 997 1427 sicut
1019 1387 1150 1440 prius.
1210 1387 1329 1427 Nam
1355 1387 1567 1428 debemus
1588 1387 1656 1427 hic
1679 1399 1780 1427 con-

246 1456 444 1505 siderare,
468 1456 577 1496 sicut
601 1457 656 1496 de
688 1456 937 1496 substancia
969 1454 1182 1508 spirituali
1215 1462 1412 1508 respectu
1443 1456 1657 1496 distancie
1689 1469 1782 1496 cor-

246 1524 434 1575 poralis3
467 1530 680 1576 quantum
723 1525 837 1565 enim
880 1525 936 1564 ad
979 1524 1098 1564 illam
1142 1524 1261 1564 nulla
1302 1524 1514 1565 distancia
1547 1524 1782 1577 corporalis

246 1593 386 1633 notari
416 1600 572 1645 potest,
595 1594 697 1645 quia
726 1607 811 1633 non
844 1599 908 1633 est
931 1593 1207 1644 comparacio
1240 1592 1418 1646 spiritus
1449 1594 1506 1633 ad
1528 1593 1780 1646 hujusmodi

247 1661 506 1701 distanciam
528 1675 535 1710 ;
568 1662 768 1701 similiter
790 1667 857 1702 est
873 1661 942 1701 hic
961 1677 970 1710 ;
1003 1668 1217 1713 quantum
1240 1661 1355 1701 enim
1378 1661 1435 1701 ad
1458 1661 1718 1702 distanciam
1738 1667 1782 1702 et

248 1728 415 1769 fluxum
439 1730 741 1783 temporalem,
759 1743 847 1770 non
863 1729 997 1770 habet
1012 1743 1139 1769 evum
1158 1730 1539 1783 comparacionem
1557 1730 1750 1783 aliquam
1773 1744 1782 1780 3

246 1804 288 1837 ct
310 1798 409 1838 ideo
432 1798 621 1839 infinitas
648 1798 893 1840 duracionis
917 1798 1183 1851 temporalis,
1205 1812 1290 1850 que
1312 1798 1380 1840 hic
1405 1798 1696 1852 ymaginatur,
1713 1798 1780 1839 cui

248 1880 417 1919 semper
438 1880 616 1920 presens
639 1874 704 1908 est
727 1881 870 1915 evum,
894 1880 981 1907 non
1005 1867 1136 1907 debet
1155 1867 1323 1915 notari3
1354 1867 1455 1919 quia
1472 1880 1598 1907 evum
1614 1866 1778 1908 nullam
1801 1881 1815 1901 2

247 1934 377 1975 habet
396 1936 773 1989 comparacionem
797 1937 851 1976 ad
876 1949 984 1985 eam,
1008 1936 1121 1976 sicut
1143 1948 1221 1976 nec
1243 1935 1419 1988 spiritus
1443 1935 1497 1975 ad
1521 1935 1778 1976 distanciam

247 2004 528 2056 corporalem.
593 2004 652 2044 Et
685 2005 794 2053 ideo,
816 2011 1205 2057 quantumcunque
1231 2004 1522 2045 extendamus
1544 2010 1717 2058 tempus
1739 2004 1779 2044 in

247 2070 478 2122 infinitum,
500 2085 626 2112 evum
659 2086 831 2126 semper
862 2072 1243 2124 concomitabitur‚
1263 2086 1313 2113 ac
1347 2085 1525 2125 presens
1553 2072 1634 2113 erit
1662 2074 1779 2113 omni

250 2139 439 2190 presenti
467 2141 679 2192 temporis
713 2142 774 2181 sic
796 2141 983 2190 fluentis,
1004 2147 1048 2181 et
1069 2147 1217 2181 tamen
1247 2154 1335 2181 non
1360 2140 1495 2182 habet
1518 2140 1779 2181 infinitatem

249 2206 380 2257 illam,
403 2208 507 2259 quia
530 2208 699 2248 fluxum
730 2209 941 2262 temporis
970 2222 1058 2250 non
1079 2209 1225 2256 habet,
1254 2222 1332 2250 nec
1363 2209 1701 2262 proporcionem
1723 2210 1778 2250 ad
1801 2222 1816 2252 3

247 2287 356 2324 eam,
377 2276 488 2316 sicut
511 2290 588 2316 nec
610 2277 786 2329 spiritus
808 2278 863 2317 ad
885 2278 1148 2318 distanciam
1171 2277 1456 2331 corporalem.

307 2342 351 2383 Si
380 2345 558 2396 dicatur,
584 2352 660 2385 aut
682 2351 747 2385 est
768 2347 945 2386 duracio
972 2347 1039 2386 evi
1062 2345 1185 2386 finita
1215 2351 1289 2386 aut
1312 2344 1503 2386 infinita:
1539 2345 1574 2385 si
1597 2345 1778 2395 infinita,

247 2418 350 2452 tunc
378 2413 571 2465 sequitur
593 2413 710 2453 idem
741 2415 859 2466 quod
881 2415 1000 2466 prius
1020 2427 1028 2461 ;
1061 2415 1095 2453 si
1119 2413 1252 2463 finita,
1275 2419 1379 2454 tunc
1409 2412 1542 2453 finem
1566 2413 1712 2465 habet,
1735 2421 1779 2455 et

245 2480 444 2529 cessabit,
476 2482 594 2533 quod
631 2481 787 2522 falsum
823 2488 912 2522 est:
944 2482 1177 2522 dicendum
1214 2487 1279 2521 est
1310 2482 1427 2534 quod
1461 2480 1694 2530 infinitum,
1726 2491 1774 2524 ut

293 2578 305 2597 1
333 2570 604 2610 successionem]
621 2570 856 2602 suturicionem
872 2570 907 2599 D
996 2570 1050 2610 Si]
1068 2574 1120 2601 set
1135 2569 1169 2599 F
1273 2571 1294 2600 6
1317 2570 1450 2601 creacio
1468 2570 1624 2611 alicujus]
1641 2571 1778 2611 aliquod

246 2624 397 2650 creatum
414 2620 448 2650 D
573 2632 590 2660 7
617 2621 730 2662 evum]
749 2633 824 2653 eum
843 2621 884 2650 M
997 2631 1035 2659 15
1061 2622 1128 2662 est]
1146 2626 1197 2652 est
1213 2621 1257 2651 ibi
1276 2620 1336 2651 FB
1458 2631 1495 2651 21
1522 2622 1648 2663 notari]
1666 2623 1778 2653 vocari

244 2669 309 2700 FD
515 2683 556 2710 24
581 2673 730 2703 infinitas
747 2672 939 2703 duracionis
955 2672 1167 2713 temporalis]
1184 2673 1316 2703 instans
1333 2673 1525 2704 duracionis
1540 2673 1728 2713 spiritualis
1744 2673 1780 2704 D

246 2721 328 2761 que]
347 2722 403 2760 qui
417 2722 449 2752 F
501 2733 543 2761 25
567 2724 693 2764 notari]
711 2725 821 2755 vocari
835 2724 900 2753 FD
988 2725 1029 2753 28
1053 2723 1162 2764 omni]
1175 2733 1273 2755 evum
1286 2723 1320 2753 D
1409 2734 1451 2763 29
1474 2724 1627 2765 fluentis]
1645 2725 1778 2756 fluentis

245 2777 277 2802 ct
297 2783 363 2802 non
382 2774 509 2804 habent
524 2775 623 2805 alicui
640 2775 691 2806 F:
713 2776 733 2806 s.
754 2786 784 2807 e.
804 2786 835 2807 n.
853 2775 960 2806 aberit
977 2786 1006 2806 a.
1023 2774 1056 2805 Β

1803 852 1862 891 qu

1838 1487 1842 1507 l

1802 1533 1868 1559 20l'
