1898 3126
33 360 66 389 κ’.
91 367 149 389 110
167 359 187 388 l>
207 368 233 389 2.

110 779 142 809 71
165 771 185 801 b
206 780 232 802 2.

986 99 1067 150 248

254 222 403 269 posset
441 215 530 256 fieri
568 215 610 255 in
643 228 793 264 vacuo,
829 214 931 267 quia
967 227 1153 254 vacuum
1192 227 1277 254 non
1319 213 1454 254 habet
1493 214 1789 255 resistenciam

254 285 450 325 debitam
468 298 552 337 que
569 289 634 324 est
658 284 699 324 in
719 283 860 336 pleno,
876 296 961 335 que
984 283 1234 323 resistencia
1252 283 1479 323 moderata
1497 281 1600 324 facit
1623 289 1792 324 motum

255 367 340 394 non
366 353 624 406 simpliciter
651 352 656 405 l
684 359 749 392 set
776 351 1032 401 naturalem,
1056 358 1098 391 et
1121 351 1221 392 ideo
1250 364 1349 392 cum
1375 351 1499 392 vacui
1527 352 1584 392 ad
1615 351 1792 405 plenum

254 421 372 462 nulla
403 428 469 462 est
498 422 729 474 proporcio
760 426 974 473 quantum
1004 419 1059 459 ad
1089 419 1201 460 hanc
1230 420 1542 473 proprietatem
1565 420 1793 461 densitatis

255 491 396 539 medii,
421 496 674 543 sequeretur
695 489 777 529 sub
803 488 884 528 hac
912 489 1083 528 racione
1105 488 1225 541 quod
1251 488 1568 530 transmutacio
1591 489 1634 529 in
1654 502 1791 529 vacuo

254 559 460 600 naturalis
491 572 579 599 non
612 557 734 598 fieret
766 557 808 597 in
841 563 1052 610 tempore.
1128 556 1209 596 Est
1244 563 1395 597 tamen
1433 563 1578 598 motus
1616 558 1791 599 racione

253 627 560 668 divisibilitatis
596 627 731 679 spacii
769 626 811 665 in
852 639 1002 675 vacuo,
1042 625 1143 677 quia
1189 632 1429 679 posuerunt
1470 639 1656 666 vacuum
1699 640 1793 667 esse

253 696 448 749 spacium
481 695 861 742 dimensionatum‚
892 700 935 734 et
967 694 1086 747 quod
1119 701 1233 734 esset
1265 693 1541 736 divisibilitas
1574 695 1617 734 in
1649 701 1790 736 trans-

255 764 514 817 muta]cione
547 763 660 804 facta
694 764 736 803 in
760 776 898 804 vacuo
928 769 971 803 et
997 763 1056 802 ita
1082 763 1309 812 successio,
1333 764 1534 816 quamvis
1558 776 1646 804 non
1675 770 1790 805 esset

257 839 400 873 motus
423 832 632 873 naturalis
660 838 813 880 rectus,
838 837 886 871 ut
907 830 1173 872 Aristoteles
1195 832 1338 872 solum
1365 831 1587 873 concludit
1609 839 1787 886 propter

254 900 473 941 defectum
496 901 795 954 proporcionis
823 889 945 940 vacui
968 900 1023 941 ad
1046 900 1223 954 plenum
1252 899 1294 940 in
1317 901 1584 954 proprietate
1604 901 1791 942 naturali

254 969 388 1023 ipsius
419 970 562 1019 medii,
585 983 670 1023 que
697 976 763 1010 est
795 969 942 1021 aliqua
967 969 1175 1018 densitas,
1202 983 1281 1010 nec
1311 970 1492 1010 omnino
1521 970 1681 1011 cedens
1713 983 1790 1011 nec

254 1039 431 1079 omnino
455 1039 670 1079 resistens.
733 1037 810 1079 Set
836 1038 954 1091 prius
981 1044 1128 1078 tamen
1150 1045 1374 1079 ostensum
1402 1046 1467 1079 est
1498 1040 1618 1092 quod
1650 1052 1792 1092 neque

256 1114 400 1148 motus
434 1121 576 1160 neque
618 1108 810 1149 mutacio
842 1113 988 1160 potest
1026 1106 1116 1147 fieri
1155 1107 1197 1146 in
1230 1121 1379 1156 vacuo,
1412 1108 1515 1161 quia
1551 1121 1639 1148 non
1675 1108 1789 1148 cedit

255 1176 435 1229 corpori.
499 1176 546 1217 Si
577 1189 681 1217 vero
710 1176 878 1216 dicatur
904 1176 1024 1228 quod
1054 1175 1283 1216 Avicenna
1311 1176 1418 1218 dicit
1440 1181 1485 1229 3⁰
1513 1176 1788 1218 Plzisz'corusn

255 1245 372 1297 quod
415 1245 665 1286 substancia
707 1245 1000 1298 corrumpitur
1041 1251 1083 1285 et
1124 1251 1357 1299 generatur
1393 1245 1553 1297 subito,
1590 1251 1633 1285 et
1670 1246 1789 1298 quod

256 1326 341 1353 non
372 1320 435 1354 est
466 1321 611 1354 motus
637 1327 714 1355 nec
744 1314 957 1354 successio
989 1314 1030 1353 in
1066 1326 1129 1364 ea,
1153 1320 1196 1354 et
1227 1327 1306 1355 nec
1332 1315 1512 1367 suscipit
1545 1315 1684 1367 magis
1712 1328 1791 1355 nec

257 1383 411 1432 minus,
440 1389 483 1422 et
517 1383 600 1423 hoc
637 1383 788 1423 nititur
823 1383 1069 1432 declarare;
1101 1383 1335 1423 dicendum
1370 1384 1488 1436 quod
1527 1384 1570 1424 in
1607 1383 1791 1437 prologo

258 1451 352 1490 libri
398 1451 672 1504 Szffcz‘mcz'e,
706 1452 779 1503 qui
820 1458 885 1492 est
926 1452 982 1491 de
1024 1451 1225 1491 omnibus
1262 1452 1460 1505 partibus
1503 1451 1789 1506 philosophie,

257 1519 378 1571 cujus
409 1519 516 1559 liber
538 1519 815 1560 Plzz'sicornm
847 1526 913 1560 est
946 1533 1030 1560 una
1063 1533 1174 1572 pam,
1199 1519 1303 1560 dicit
1335 1521 1455 1572 quod
1491 1521 1532 1560 in
1565 1521 1650 1562 isto
1682 1521 1791 1561 libro

260 1586 524 1640 Szffcz‘encie
554 1589 748 1640 sequitur
779 1589 1004 1641 opiniones
1036 1588 1219 1628 aliorum
1252 1601 1329 1640 per
1361 1595 1516 1638 totum,
1540 1596 1584 1630 et
1616 1602 1701 1630 non
1726 1595 1791 1630 est

257 1658 497 1697 secundum
530 1657 622 1709 ejus
653 1657 935 1705 sentenciam,
967 1664 1010 1697 et
1043 1657 1141 1697 ideo
1173 1670 1260 1696 non
1293 1664 1358 1697 est
1391 1658 1546 1697 mirum
1579 1658 1612 1698 si
1644 1658 1791 1711 aliqua

256 1724 362 1765 salsa
403 1726 720 1773 contineantur,
758 1726 869 1766 sicut
913 1726 954 1765 in
999 1724 1117 1765 libris
1160 1738 1271 1778 quos
1314 1726 1466 1766 recitat
1502 1725 1692 1779 Algazel
1737 1729 1791 1769 de

257 1793 521 1846 logicalibus,
546 1793 827 1844 naturalibus,
857 1800 900 1834 et
925 1794 1263 1846 methapliisiciS‚
1287 1795 1340 1835 acl
1365 1795 1660 1836 imitacionem
1695 1795 1790 1836 libri

256 1862 496 1910 Avicenne‚
539 1863 594 1902 de
632 1863 791 1915 quibus
828 1862 1016 1916 Algazel
1054 1863 1095 1902 in
1139 1862 1324 1915 prologo
1366 1863 1574 1904 librorum
1618 1863 1789 1905 illorum

257 1931 410 1971 asserit
432 1932 550 1983 quod
573 1932 721 1970 omnia
739 1944 824 1983 que
842 1932 993 1972 recitat
1016 1932 1059 1971 in
1077 1932 1136 1971 eis
1158 1938 1257 1972 sunt
1275 1933 1515 1973 secundum
1538 1933 1789 1986 opinionem

256 1998 452 2047 aliorum,
485 1999 527 2038 in
561 2000 719 2051 quibus
753 2000 857 2040 dicit
893 1999 1029 2040 multa
1067 2000 1276 2040 contineri
1315 2013 1399 2053 que
1432 2001 1526 2041 vult
1559 2000 1791 2054 reprobare

257 2073 300 2106 et
325 2067 451 2107 aliter
482 2081 704 2120 exponere
731 2068 772 2107 in
797 2067 908 2108 libro
930 2082 1009 2108 suo
1031 2067 1099 2108 De
1123 2069 1414 2109 controversia
1427 2068 1791 2122 philosophorum.

258 2134 461 2175 Ceterum
488 2135 718 2177 Avicenna
748 2136 854 2176 dicit
877 2136 918 2176 in
943 2137 1098 2177 eodem
1127 2136 1311 2190 prologo
1334 2138 1453 2190 quod
1477 2144 1629 2190 postea
1651 2138 1790 2179 voluit

1815 850 1859 873 10

1815 1195 1856 1227 τῇ

1815 1538 1860 1560 ΖΦ

256 2203 397 2244 facere
426 2203 585 2244 librum
615 2204 971 2257 Dependencinm‚
993 2206 1111 2257 quod
1140 2206 1194 2245 sit
1223 2205 1346 2257 glosa
1373 2205 1503 2258 hujus
1531 2205 1627 2246 libri
1658 2207 1788 2260 Snffi‘-
1810 2221 1853 2253 30

255 2272 437 2322 ciencie3
480 2285 536 2312 ex
569 2286 657 2325 quo
693 2280 816 2325 patet
852 2275 972 2326 quod
1007 2287 1095 2314 non
1133 2280 1197 2313 est
1235 2273 1422 2314 confisus
1459 2275 1501 2314 in
1540 2274 1623 2315 isto
1666 2274 1789 2316 libro.

257 2339 335 2380 Set
377 2341 581 2393 precipue
623 2341 705 2381 hoc
751 2341 1030 2382 manifestum
1074 2348 1137 2381 est
1180 2355 1236 2381 ex
1278 2343 1435 2382 eodem
1481 2342 1675 2396 prologo,
1716 2343 1788 2383 ubi

302 2491 338 2520 15
362 2484 574 2524 Avicenna]
593 2483 678 2524 Szff
697 2483 731 2514 ii.
751 2493 776 2513 e.
795 2493 824 2521 3.
940 2493 978 2513 21
1008 2483 1260 2523 Sufficieneie]
1280 2483 1555 2514 Kitab-al—Shil'a.
1658 2494 1699 2523 23
1724 2488 1788 2516 Al-

256 2532 376 2573 gazel]
401 2538 457 2563 not
475 2533 507 2564 in
525 2535 658 2573 printed
679 2539 760 2565 text.
883 2544 927 2572 30
951 2534 1278 2575 Dependeneium]
1299 2534 1576 2573 Kitab-al-Najat.

300 2675 319 2693 :2
345 2665 508 2706 debitam]
530 2666 701 2704 propriam
719 2667 865 2696 debitam
884 2666 952 2696 DF
1097 2676 1117 2704 3
1140 2666 1345 2706 naturalem]
1363 2666 1549 2697 naturalem
1568 2671 1601 2698 et
1619 2672 1745 2698 rectum
1764 2667 1798 2696 F

256 2726 275 2752 4
301 2715 393 2745 nulla
410 2721 461 2746 est
480 2717 660 2756 proporcio
678 2728 744 2748 om.
761 2717 795 2746 D
964 2727 1002 2747 21
1029 2717 1187 2758 aliorum]
1206 2717 1402 2748 Aristotelis
1419 2718 1451 2748 F
1616 2728 1656 2758 23
1681 2718 1786 2758 falsa]

257 2765 340 2796 salsa
356 2766 399 2796 ibi
417 2767 449 2796 F
575 2778 614 2805 27
641 2768 758 2808 multa]
778 2768 880 2799 multa
900 2768 982 2798 salsa
999 2768 1032 2798 F
