1898 3126
819 76 898 117 207

94 176 290 228 sequitur
321 177 437 217 idem
470 178 774 218 inconveniens
806 179 861 218 de
892 192 1044 229 vacuo,
1079 194 1179 220 nam
1222 195 1408 221 vacuum
1452 183 1628 233 ponitur
1657 196 1697 227 59
1718 198 1735 218 a
1756 196 1781 217 1.

94 257 188 285 esse
215 245 409 298 spacium
441 244 607 285 habens
639 246 798 286 trinam
831 247 1151 287 dimensionem
1184 251 1422 289 secundum
1447 249 1624 302 longum

94 320 137 353 et
169 312 307 352 latum
337 320 380 353 et
409 312 688 366 profundum,
711 327 815 366 ergo
841 314 974 355 habet
1006 315 1324 356 dimensionem
1357 318 1625 369 corporalem

93 381 205 421 sicut
229 380 417 433 plenum.
479 381 628 434 Quare
648 383 682 422 si
710 382 841 422 nichil
858 383 1060 436 recipitur
1083 384 1124 423 in
1149 384 1291 436 pleno,
1312 398 1389 425 nec
1412 385 1453 424 in
1475 399 1625 426 vacuo.

59 462 75 492 5
97 449 155 489 Et
177 449 260 489 hoc
283 450 613 490 concedendum
637 457 713 491 est.
776 449 952 491 Solucio
978 466 1082 492 vero
1105 452 1241 505 prime
1264 453 1556 493 dubitacionis
1580 454 1627 494 fit

95 531 171 571 per
193 517 277 558 hoc
298 518 416 570 quod
448 532 603 571 corpus
636 519 812 571 plenum
845 520 961 560 cedit
983 521 1153 573 corpori
1177 520 1378 572 locando,
1411 528 1454 561 et
1477 522 1627 574 recipit

95 587 236 639 ipsum
259 586 370 626 inter
399 585 534 626 latera
556 600 635 627 sua
658 594 699 627 et
722 588 810 628 idio
843 601 928 628 non
952 602 1127 629 necesse
1156 596 1221 629 est
1244 603 1406 642 ponere
1429 603 1626 631 vacuum.

96 654 166 694 De
187 654 369 694 humore
391 656 601 696 nutritivo
623 663 668 696 et
685 657 1012 708 augmentativo
1035 657 1266 698 dicendum
1288 665 1365 706 est,
1386 659 1504 710 quod
1527 672 1629 699 con-

94 723 276 763 vertitur
315 723 358 762 in
389 724 683 764 substanciam
716 725 898 765 animati
930 726 1126 778 corporis
1158 726 1276 778 pleni
1310 740 1387 780 per
1421 727 1626 767 virtutem

39 809 77 831 10
93 791 246 840 anime,
268 798 311 832 et
327 805 414 832 non
429 799 624 833 remanet
640 794 722 834 sub
735 794 986 834 substancia
1004 794 1046 834 in
1069 795 1411 835 dimensionibus
1430 795 1627 848 propriiS,

95 866 162 900 set
183 861 263 900 sub
286 861 629 901 dimensionibus
659 862 800 902 carnis
837 868 880 902 et
903 862 1025 913 ossis,
1047 869 1089 903 et
1122 862 1170 903 fit
1194 876 1280 903 una
1311 863 1562 904 substancia
1584 871 1626 903 et

98 941 183 968 una
204 928 431 969 dimensio.
493 928 571 970 Set
596 931 674 970 hec
695 930 859 971 habent
882 931 1098 983 posterius
1121 932 1338 984 copiosius
1359 932 1535 984 exponi,
1554 931 1626 971 ubi

95 997 150 1038 de
172 997 438 1038 nutrimento
460 1005 503 1038 et
525 1006 764 1052 augmento
787 1001 1055 1040 tractabitur.

155 1065 360 1107 Secundo
389 1068 597 1118 queritur,
627 1081 682 1107 an
711 1075 890 1121 propter
922 1076 1088 1109 motum
1123 1069 1304 1109 localem
1338 1070 1624 1110 necessarium

41 1151 77 1182 15
97 1141 174 1184 est,
199 1141 241 1175 et
264 1147 318 1174 an
341 1135 547 1186 possibile
569 1136 624 1175 sit
649 1143 819 1176 motum
850 1137 1032 1177 localem
1065 1138 1260 1190 corporis
1293 1137 1383 1178 fieri
1413 1139 1455 1177 in
1478 1152 1626 1178 vacuo.

97 1204 386 1246 Comentator
413 1204 517 1252 vult,
540 1219 669 1258 super
701 1210 758 1253 40.
781 1205 1055 1246 Phisicornm
1088 1212 1131 1246 et
1162 1206 1276 1255 alibi,
1297 1206 1416 1258 quod
1440 1219 1625 1246 vacuum

96 1285 183 1313 non
204 1271 435 1325 impediret
457 1281 627 1314 motum
649 1273 834 1314 localem
868 1274 1013 1323 alium,
1038 1274 1136 1316 licet
1169 1282 1339 1315 motum
1362 1275 1559 1327 gravium
1583 1281 1625 1313 et

97 1342 257 1382 levium
291 1341 536 1393 impediret.
600 1342 713 1383 Item
744 1343 777 1382 si
801 1356 987 1383 vacuum
1014 1350 1128 1383 esset
1158 1357 1286 1395 super
1307 1357 1480 1397 speram
1503 1356 1626 1394 aque,

96 1417 140 1450 et
169 1409 324 1462 lapidis
352 1410 565 1451 medietas
592 1417 704 1451 esset
734 1411 776 1450 in
798 1425 948 1460 vacuo,
971 1418 1012 1452 et
1046 1411 1131 1451 alia
1164 1412 1206 1451 in
1237 1425 1364 1464 aqua,
1390 1425 1489 1451 cum
1516 1410 1625 1462 lapis

39 1494 77 1515 20
97 1484 225 1519 natus
247 1485 312 1518 est
335 1479 497 1519 moveri
527 1479 570 1518 in
599 1493 725 1532 aqua,
749 1493 825 1533 per
854 1494 978 1520 suam
1011 1481 1284 1533 gravitatem,
1307 1481 1553 1521 movebitur
1584 1479 1626 1518 in

96 1561 160 1588 ea.
223 1545 301 1587 Set
323 1560 409 1587 non
431 1554 576 1601 potest
606 1550 818 1589 medietas
849 1548 1006 1601 lapidis
1038 1550 1303 1590 descendere
1332 1549 1374 1588 in
1397 1561 1525 1601 aqua,
1548 1547 1625 1587 nisi

97 1617 335 1658 descendat
353 1617 436 1657 alia
454 1617 496 1656 in
514 1630 653 1658 vacuo
672 1633 679 1657 z
705 1631 809 1671 ergo
826 1617 1032 1669 possibile
1047 1624 1111 1658 est
1131 1624 1172 1658 et
1188 1631 1371 1665 necesse,
1386 1617 1625 1656 secundum

98 1685 191 1735 hoc,
214 1691 262 1725 ut
285 1683 361 1724 fiat
384 1694 530 1725 motus
553 1685 594 1724 in
616 1700 764 1726 vacuo.
823 1686 902 1726 Set
925 1693 1075 1726 contra
1097 1693 1174 1735 est,
1197 1687 1316 1738 quod
1339 1687 1381 1725 in
1403 1699 1541 1725 vacuo
1565 1689 1630 1725 est

97 1753 211 1793 trina
242 1753 456 1794 dimensio
489 1754 740 1808 corporalis,
763 1761 808 1796 et
835 1755 933 1795 ideo
965 1755 1099 1795 habet
1131 1755 1246 1794 unde
1278 1753 1443 1806 repleat
1476 1752 1631 1800 locum,

40 1837 76 1867 ²5
102 1827 144 1862 et
187 1835 272 1861 non
313 1821 446 1862 habet
488 1830 688 1863 naturam
734 1825 814 1863 rari
857 1837 936 1863 nec
980 1822 1122 1862 mollis
1164 1836 1251 1875 qua
1293 1823 1422 1863 cedat
1462 1821 1630 1873 corpori

100 1891 362 1941 advenienti,
385 1891 487 1943 quia
521 1893 564 1931 in
590 1905 728 1932 vacuo
757 1890 761 1944 Ι
790 1891 910 1931 nulla
938 1898 1093 1931 natura
1123 1897 1199 1939 est,
1221 1904 1319 1932 cum
1352 1892 1407 1930 sit
1436 1890 1631 1943 spacium
1653 1906 1691 1937 59
1710 1908 1727 1927 a
1748 1908 1773 1927 .·.

102 1966 350 2012 separatum
374 1973 399 1998 a
426 1960 703 2012 passionibus
736 1958 1015 2000 naturalibus.
1091 1958 1373 1999 Manifestum
1407 1958 1537 2012 igitur
1567 1965 1633 1997 est

103 2028 235 2080 quod,
264 2040 366 2066 cum
400 2028 488 2067 duo
514 2041 698 2081 corpora
731 2041 816 2068 non
848 2034 1034 2080 possunt
1065 2027 1192 2067 simul
1224 2040 1329 2079 esse,
1355 2039 1441 2067 non
1473 2027 1633 2079 poterit

104 2097 238 2138 tercia
260 2096 477 2136 dimensio
508 2096 688 2149 alicujus
710 2097 826 2148 pleni
857 2096 988 2149 recipi
1011 2097 1053 2135 in
1073 2109 1221 2136 vacuo.
1286 2095 1496 2147 Replecio
1519 2095 1633 2134 enim

39 2180 80 2209 30
105 2165 187 2205 loci
231 2177 316 2205 non
359 2172 424 2205 est
466 2178 542 2218 per
587 2165 775 2205 calidum
818 2172 862 2206 et
902 2165 1123 2218 frigidum,
1154 2163 1222 2204 vel
1266 2164 1371 2204 alias
1412 2163 1633 2216 passiones

104 2232 334 2283 naturales,
357 2239 423 2273 set
445 2247 522 2287 per
551 2234 731 2273 terciam
761 2233 1090 2280 dimensionem,
1116 2239 1158 2273 et
1187 2232 1296 2279 ideo,
1320 2245 1418 2272 cum
1448 2244 1633 2271 vacuum

105 2302 266 2342 habeat
307 2315 418 2351 eam,
453 2302 585 2342 habet
628 2303 743 2342 unde
779 2301 945 2354 repleat
981 2301 1139 2350 locum,
1176 2308 1220 2342 et
1256 2301 1464 2341 excludat
1500 2299 1633 2340 alium

103 2386 128 2412 a
151 2370 247 2412 loco
270 2384 349 2411 suo
371 2378 609 2423 postquam
644 2384 731 2411 non
757 2371 874 2411 cedit
902 2371 953 2411 ei.
1017 2371 1075 2410 Et
1104 2370 1184 2410 hec
1215 2377 1281 2411 est
1310 2369 1634 2410 demonstracio

147 2511 185 2540 16
209 2510 459 2551 Phisicorum]
477 2510 520 2540 iv.
541 2521 591 2549 74.

148 2640 167 2660 2
193 2629 459 2670 dimensionem]
479 2630 510 2661 d.
530 2629 738 2669 corporalem
756 2629 843 2659 sicut
860 2628 895 2657 D
1094 2628 1114 2656 8
1139 2624 1359 2665 convertitur]
1376 2629 1595 2656 convertatur
1613 2625 1643 2654 F

111 2693 149 2713 10
174 2681 225 2723 in]
244 2686 277 2712 et
295 2681 327 2711 F
556 2691 594 2719 13
619 2681 826 2711 nutrimento
843 2685 877 2710 et
891 2678 1089 2719 augmento]
1108 2678 1269 2709 nutritive
1288 2681 1321 2707 et
1337 2677 1586 2715 augmentativo
1603 2676 1638 2706 D

110 2745 148 2773 19
173 2739 206 2764 et
223 2733 286 2764 alia
302 2734 334 2764 it.
353 2733 387 2763 D
506 2743 544 2764 21
573 2732 648 2772 Set]
668 2732 704 2762 Si
722 2731 754 2761 F
871 2740 912 2769 25
938 2730 1023 2771 non]
1040 2731 1116 2760 ideo
1133 2729 1164 2760 F
1277 2738 1318 2767 32
1341 2727 1431 2769 eam]
1452 2737 1585 2759 causam
1602 2727 1638 2757 D
