1898 3126
104 644 231 676 90a1.

118 2544 243 2575 90a2.

970 96 1051 151 308

254 217 492 265 potentem,
526 216 568 252 et
600 211 699 252 ideo
731 223 817 251 non
850 211 1144 263 corrumpitur
1175 224 1272 263 pars
1302 210 1445 251 anime
1476 211 1575 251 talis
1599 212 1776 265 quando

251 295 276 321 a
307 287 404 321 toto
435 286 674 333 separatur,
695 280 804 320 sicut
836 279 992 320 accidit
1025 280 1066 318 in
1099 278 1192 319 aliis
1225 279 1298 319 ubi
1325 293 1411 320 non
1444 279 1577 320 habet
1609 287 1775 321 tantam

249 349 421 389 virtutis
458 355 735 402 potestatem.
795 347 997 388 Ceterum
1036 354 1182 400 potest
1215 348 1299 389 dici
1335 349 1452 400 quod
1489 349 1588 389 licet
1623 355 1776 389 natura

251 418 391 470 prima
413 418 555 458 anime
576 418 632 458 sit
656 417 839 457 debilior
861 417 902 456 in
925 415 1144 456 nobilibus
1165 417 1427 456 animalibus
1450 431 1582 470 quam
1605 418 1647 457 in
1670 417 1776 459 aliis.

252 494 398 527 tamen
421 487 586 527 habent
608 486 714 526 alias
737 486 919 525 virtutes
942 484 1109 524 nobiles
1130 499 1215 537 que
1238 499 1324 525 non
1347 493 1446 526 sunt
1470 487 1511 525 in
1534 487 1737 527 anulosis.

314 555 426 596 Cum
450 569 554 608 ergo
576 554 624 595 fit
648 568 780 595 unum
802 568 859 594 ex
882 554 1085 594 omnibus
1107 554 1341 594 virtutibus
1363 555 1505 595 anime
1527 556 1569 595 in
1592 556 1745 596 eodem
1774 554 1777 607 l

251 625 444 672 animali,
474 631 517 664 et
539 623 587 663 fit
610 637 695 663 una
717 623 861 663 anima
882 636 984 662 vera
1006 636 1082 675 per
1110 623 1346 663 essenciam
1375 624 1494 676 quod
1516 623 1778 678 repugnabit

252 693 399 734 virtuti
423 693 638 741 nobiliori,
667 691 929 745 repugnabit
958 692 1107 732 virtuti
1135 692 1380 743 ignobiliori
1412 693 1584 733 racione
1610 694 1779 734 unionis

259 762 351 815 ejus
374 775 473 803 curn
497 761 709 803 nobiliori.
788 759 865 801 Set
888 761 1088 801 nobiliori
1111 762 1258 801 virtuti
1283 769 1496 814 repugnat
1516 762 1660 802 vivere
1681 769 1779 814 post

254 831 509 871 divisionem
545 830 748 882 corporis,
778 831 880 882 quia
909 830 1071 870 nobilia
1103 843 1200 870 cum
1235 829 1490 871 difficultate
1521 827 1781 882 generantur

257 907 322 940 set
344 901 399 940 de
422 899 534 939 sacili
558 906 918 952 corrumpuntu1·‚-
930 905 978 938 ut
1000 912 1073 939 cor
1095 899 1213 950 quod
1238 906 1300 938 est
1319 898 1507 938 nobilius
1531 899 1570 938 in
1587 912 1781 952 corpore.

253 969 288 1009 si
331 983 483 1022 parum
519 969 691 1009 ledatur
722 969 916 1017 moritur,
951 975 994 1008 et
1026 981 1102 1020 per
1133 981 1403 1021 consequens
1435 974 1577 1007 totum
1606 967 1780 1008 animal.

261 1039 365 1078 Non
389 1039 448 1078 sic
470 1038 504 1077 si
527 1037 643 1077 aliud
668 1037 912 1077 membrum
940 1036 1110 1077 ledatur
1132 1038 1190 1077 ita
1218 1050 1386 1089 parum,
1409 1043 1453 1076 et
1478 1037 1576 1077 ideo
1603 1037 1781 1077 virtutes

260 1107 403 1147 anime
426 1106 592 1146 nobiles
614 1120 699 1146 non
730 1107 964 1159 dignantur
992 1107 1168 1147 destitui
1198 1107 1254 1146 ab
1282 1119 1374 1146 esse
1400 1120 1479 1146 suo
1505 1105 1639 1146 nobili
1662 1106 1780 1158 quod

267 1176 431 1216 habent
454 1177 495 1216 in
518 1183 629 1225 totO,
652 1182 716 1215 set
738 1176 885 1216 statim
902 1183 1246 1228 corrumpuntur.
1294 1176 1352 1215 Et
1375 1175 1476 1227 quia
1491 1174 1552 1214 eis
1578 1174 1784 1215 uniuntur

258 1246 441 1286 virtutes
480 1245 691 1298 ignobiles
726 1245 768 1284 in
805 1246 971 1286 unitate
1003 1245 1193 1286 essencie
1231 1247 1329 1286 ideo
1366 1251 1549 1297 pereunt
1586 1257 1684 1284 curn
1722 1243 1783 1283 eis

260 1317 303 1356 in
327 1316 520 1369 partibus
542 1315 688 1355 divisis
710 1315 886 1367 quando
910 1315 1002 1368 ipse
1023 1322 1204 1368 pereunt
1226 1329 1301 1369 per
1322 1315 1579 1355 divisionem
1602 1314 1753 1355 tocius.

327 1462 604 1517 <Capz‘lztlmtz
627 1467 694 1515 3¹¹².
760 1460 809 1501 de
820 1462 1043 1514 generalis
1062 1476 1114 1501 ex
1122 1460 1480 1514 pztl7‘qfaccz'072e.>

319 1565 389 1605 De
430 1564 647 1617 generatis
679 1577 780 1603 vero
814 1577 871 1603 ex
906 1563 1240 1617 putrefaccione,
1269 1563 1370 1604 licet
1403 1563 1540 1603 multa
1571 1563 1784 1609 dicantur,

260 1641 409 1675 tamen
446 1633 619 1672 videtur
650 1632 777 1672 michi
810 1633 927 1685 quod
958 1633 1116 1672 veritas
1148 1632 1277 1684 hujus
1302 1633 1361 1672 rei
1395 1633 1590 1672 consistit
1622 1633 1664 1672 in
1697 1646 1784 1672 uno
1807 1649 1820 1669 2

256 1703 389 1743 verbo
423 1701 626 1741 Averrois
658 1702 775 1753 quod
812 1701 919 1742 dicit
955 1701 996 1741 in
1032 1705 1075 1751 7⁰
1102 1700 1426 1753 Illellmpllzlrz'ce,
1459 1701 1635 1750 scilicet,
1665 1701 1782 1754 quod

259 1771 384 1811 idem
426 1770 528 1809 facit
569 1770 704 1809 virtus
747 1769 849 1809 solis
892 1770 932 1809 in
984 1770 1163 1809 materia
1204 1769 1446 1822 putrefacta
1488 1770 1606 1822 quod
1649 1770 1786 1809 virtus

261 1845 436 1892 patrum
460 1839 501 1878 in
525 1838 773 1878 seminibus.
825 1839 884 1878 Et
905 1838 1018 1887 ideo,
1044 1838 1154 1878 sicut
1176 1839 1312 1877 virtus
1335 1844 1507 1890 patrum
1531 1851 1605 1878 seu
1629 1851 1785 1891 paren-

260 1915 355 1948 tum
389 1908 590 1960 producit
619 1906 786 1959 prolem
814 1907 868 1947 de
900 1906 1101 1959 potencia
1132 1907 1318 1955 seminis,
1339 1907 1400 1946 sic
1427 1906 1563 1946 virtus
1588 1906 1691 1946 solis
1716 1905 1786 1946 vel

269 1976 349 2017 celi
372 1982 517 2029 potest
539 1976 722 2016 alterare
745 1976 973 2016 materiam
998 1982 1039 2015 et
1056 1975 1296 2028 producere
1314 1974 1564 2027 hujusmodi
1582 1974 1787 2015 animalia
1829 1990 1845 2020 5

256 2045 370 2085 vilia.

321 2113 367 2154 Si
398 2113 585 2154 obicitur
614 2113 732 2166 quod
762 2112 928 2153 nullum
959 2113 1244 2153 inanimatum
1275 2119 1341 2154 est
1370 2113 1558 2154 nobilius
1579 2113 1787 2158 animato.

269 2190 313 2223 et
348 2196 479 2222 omne
514 2195 725 2234 generans
762 2188 828 2222 est
870 2181 1055 2222 nobilius
1090 2188 1306 2234 generato,
1339 2182 1393 2222 ad
1431 2182 1513 2221 hoc
1547 2187 1691 2234 potest
1725 2195 1788 2222 re-

272 2251 474 2305 sponderi
496 2252 756 2291 sufficienter
785 2251 900 2303 quod
924 2264 999 2303 per
1019 2250 1224 2290 virtutem
1252 2250 1331 2291 celi
1360 2251 1542 2291 intendit
1568 2250 1788 2291 Averroes

265 2333 351 2360 non
375 2320 515 2360 solum
543 2320 747 2360 virtutem
778 2319 971 2371 corporis
1000 2319 1180 2368 celestis,
1202 2326 1267 2359 set
1294 2319 1385 2372 ejus
1415 2320 1598 2360 motoris
1623 2319 1696 2371 qui
1723 2325 1788 2359 est

267 2389 514 2429 substancia
536 2389 770 2442 spiritualis
792 2389 939 2428 divina
962 2394 1005 2428 et
1027 2388 1232 2442 angelica.
1297 2388 1357 2428 Et
1381 2388 1492 2437 ideo,
1515 2387 1612 2428 licet
1634 2394 1787 2427 natura

267 2459 503 2513 corporalis
536 2457 628 2498 sola
662 2458 704 2497 in
740 2457 833 2498 celo
871 2470 956 2497 non
985 2458 1040 2497 sit
1072 2456 1260 2497 nobilior
1287 2457 1444 2506 anima,
1475 2463 1623 2497 tamen
1653 2456 1789 2496 virtus

266 2530 413 2570 divina
442 2527 509 2568 vel
541 2526 736 2579 angelica
768 2539 852 2578 que
880 2524 884 2578 Ι
913 2525 1028 2566 celos
1061 2532 1207 2566 movet
1239 2533 1281 2566 et
1314 2525 1482 2579 regulat
1514 2531 1579 2565 est
1605 2524 1789 2565 nobilior

267 2599 422 2638 anima.
485 2597 544 2636 Et
579 2596 678 2636 ideo
713 2595 966 2635 attribuitur
1000 2595 1120 2635 accio
1164 2595 1248 2635 ista
1281 2608 1367 2635 non
1410 2600 1582 2634 tantum
1619 2595 1787 2649 corpori

263 2667 423 2714 celesti,
444 2671 509 2705 set
530 2665 623 2718 ejus
647 2665 818 2705 motori.

1490 2707 1497 2721 s

314 2786 350 2807 21
379 2776 667 2817 Methaphisice]
686 2786 744 2807 see
767 2775 822 2807 xii.
841 2786 925 2807 com.
943 2786 994 2816 3¹·
1427 2717 1535 2851 xxi->k

1803 848 1840 868 10

1807 2331 1848 2359 30

1809 2660 1847 2691 35
