1915 3115
72 320 166 361 1³95
183 320 205 351 b
225 328 250 351 1.

345 307 494 358 Pars
547 306 601 357 T
592 305 743 358 arcia
765 292 767 295 ¹
775 304 972 376 primi
1009 303 1148 357 libra·
1174 301 1541 373 Philosophia
1575 301 1804 353 Natur-

276 402 401 467 czlzk,
433 402 493 455 in
521 420 635 472 qna
663 401 896 455 docetur
917 401 986 454 de
1019 403 1174 453 motu
1212 403 1267 452 et
1298 397 1805 452 concomitantibus

274 503 505 565 molum,
534 499 747 552 habens
772 498 1168 552 dz‘stz‘nccz‘ones
1194 500 1248 550 et
1269 496 1539 568 capitula.

337 648 580 703 Capitulum
591 650 790 702 primum
811 649 861 689 de
887 654 1002 689 motu
1024 646 1131 701 qnid
1147 652 1213 686 est
1230 645 1460 686 secundum
1481 644 1804 698 descripcionem

272 717 522 759 Aristotelis
541 724 584 758 et
603 716 712 770 quid
728 716 957 757 secundum
977 729 1102 757 suam
1122 714 1363 756 essencz'am.

334 831 572 881 Postquam
595 829 636 868 in
666 829 806 881 prima
834 834 958 882 parte
980 828 1107 881 hujus
1135 827 1232 867 libri
1255 827 1381 879 primi
1405 826 1460 866 de
1485 824 1806 866 communibus

276 898 550 939 Naturalium
594 897 935 938 determinatum
977 903 1042 937 est
1084 896 1139 937 de
1181 896 1395 936 efficiente
1436 893 1635 942 naturali,
1678 901 1722 935 et
1763 894 1806 934 in

272 967 461 1008 secunda
483 972 606 1020 parte
628 966 683 1006 de
705 965 887 1006 materia
910 970 952 1005 et
975 963 1273 1005 universaliter
1290 964 1344 1004 de
1363 964 1502 1004 causis
1525 962 1806 1012 naturalibus,

272 1049 384 1076 nunc
416 1035 458 1075 in
490 1035 570 1076 hac
601 1040 724 1088 parte
755 1034 889 1075 tercia
920 1033 1155 1073 dicendum
1191 1038 1255 1074 est
1286 1033 1342 1073 de
1371 1038 1507 1081 motu,
1530 1039 1572 1073 et
1603 1032 1685 1073 hiis
1722 1045 1808 1085 que

274 1104 491 1156 pertinent
527 1102 582 1143 ad
621 1103 774 1155 ipsum,
809 1115 909 1141 nam
952 1115 1050 1141 cum
1094 1101 1432 1142 determinatum
1475 1101 1531 1142 sit
1571 1101 1627 1141 de
1667 1100 1807 1142 causis

273 1171 551 1219 naturalibus,
574 1177 617 1211 et
640 1176 795 1211 natura
817 1176 882 1211 est
913 1170 1173 1223 principium
1204 1175 1361 1220 motus,
1383 1182 1651 1222 consequens
1672 1175 1737 1212 est
1759 1176 1808 1211 ut

273 1238 348 1280 fiat
369 1253 512 1280 sermo
533 1240 589 1280 de
611 1245 734 1280 motu
757 1245 801 1279 θῖ
823 1239 882 1279 eis
904 1252 989 1292 que
1012 1238 1153 1291 ipsum
1177 1238 1453 1279 comitantur.

331 1307 391 1349 Et
424 1309 576 1361 primo,
597 1307 698 1349 volo
730 1321 951 1362 exponere
977 1308 1084 1360 quid
1114 1308 1168 1347 sit
1196 1312 1353 1347 motus.
1414 1306 1680 1348 Aristoteles
1703 1319 1807 1347 vero

275 1377 381 1418 dicit
414 1378 531 1430 quod
555 1377 612 1418 sit
633 1382 755 1418 actus
788 1376 1062 1429 inperfectus.
1126 1376 1244 1416 Nam
1273 1376 1378 1416 dum
1410 1375 1576 1428 aliquid
1608 1382 1808 1417 movetur

278 1445 419 1486 tendit
442 1446 496 1486 ad
520 1446 684 1499 aliquid
707 1446 988 1500 perfectivum
1011 1446 1076 1486 sui
1100 1451 1257 1492 motus,
1281 1451 1324 1485 et
1347 1445 1389 1484 in
1419 1444 1491 1485 illo
1514 1444 1599 1485 fine
1621 1444 1809 1486 habetur
1850 1465 1866 1495 5

277 1514 508 1555 actualitas
548 1515 779 1568 completa,
821 1521 864 1556 et
905 1520 1027 1555 actus
1069 1520 1113 1555 et
1153 1514 1381 1555 actualitas
1427 1515 1543 1555 idem
1584 1520 1685 1554 sunt
1726 1514 1807 1565 hic,

276 1590 454 1637 propter
503 1585 621 1636 quod
665 1590 808 1625 motus
861 1584 1017 1625 dicitur
1058 1584 1237 1636 quidam
1279 1590 1402 1624 actus
1443 1583 1717 1636 inperfectus,
1764 1591 1807 1624 et

272 1651 499 1692 actualitas
531 1651 703 1692 mobilis
735 1652 971 1705 inperfecta
1001 1666 1086 1706 que
1130 1652 1272 1693 tendit
1302 1653 1344 1692 in
1376 1653 1616 1694 terminum
1650 1658 1808 1702 motus,

273 1720 384 1761 sicut
406 1721 447 1760 in
471 1721 796 1774 perfeccionem‚
819 1728 867 1762 ut
899 1722 941 1761 in
965 1727 1087 1762 motu
1110 1722 1349 1762 secundum
1377 1721 1533 1771 locum,
1554 1734 1654 1762 cum
1676 1735 1809 1775 grave

275 1796 473 1829 movetur
517 1790 557 1828 in
591 1790 735 1830 medio
767 1791 982 1839 deorsum,
1015 1790 1149 1830 habet
1199 1790 1500 1831 actualitatem
1540 1790 1732 1843 aliquam
1765 1796 1807 1830 et
1829 1810 1842 1830 2

275 1863 418 1897 actum
442 1859 697 1898 tendentem
721 1859 763 1898 in
786 1873 913 1899 suum
936 1859 1021 1908 ubi,
1044 1859 1133 1899 sive
1160 1859 1304 1899 locum
1328 1860 1402 1911 qui
1427 1867 1491 1900 est
1524 1861 1742 1907 deorsum,
1764 1865 1807 1899 et

272 1939 370 1965 cum
388 1928 554 1967 venerit
577 1927 647 1975 ibi,
668 1927 799 1968 habet
822 1928 925 1968 illud
951 1929 1070 1981 quod
1093 1915 1321 1978 desiderat,
1344 1928 1519 1979 scilicet,
1542 1929 1684 1969 locum
1707 1942 1808 1982 pro-

275 1994 415 2047 prium
445 1995 487 2034 in
517 2008 606 2047 quo
635 1994 768 2036 habet
791 1996 1092 2037 actualitatem
1123 1997 1187 2036 sui
1209 2010 1316 2049 esse,
1338 2010 1423 2050 que
1445 2003 1512 2038 est
1544 1995 1808 2049 completiva

275 2069 418 2103 motus
449 2063 527 2110 sui,
559 2068 602 2103 et
643 2064 701 2104 sic
747 2069 811 2104 est
847 2065 901 2104 de
941 2065 1060 2104 omni
1103 2065 1189 2106 alio
1231 2072 1366 2105 motu.
1444 2066 1504 2105 Et
1545 2065 1809 2106 Aristoteles

274 2130 486 2182 premittit
509 2130 639 2171 aliam
667 2132 1009 2185 descripcionem
1034 2139 1190 2182 motus,
1214 2134 1362 2174 dicens
1394 2135 1514 2187 quod
1541 2138 1551 2155 ‘
1569 2140 1714 2175 motus
1742 2140 1808 2175 est

273 2205 395 2238 actus
418 2199 646 2239 existentis
670 2200 711 2239 in
728 2202 929 2252 potencia
950 2203 1189 2243 secundum
1212 2204 1331 2255 quod
1359 2202 1608 2255 hujusmodi
1624 2202 1647 2252 '‚
1667 2202 1709 2243 id
1732 2208 1810 2253 est,

273 2267 510 2307 secundum
535 2268 653 2320 quod
675 2275 741 2309 est
767 2270 809 2309 in
839 2271 1039 2322 potencia
1070 2271 1125 2311 ad
1155 2270 1284 2319 aliud,
1306 2284 1392 2311 non
1417 2272 1657 2312 secundum
1687 2272 1806 2324 quod

274 2333 436 2387 aliquid
465 2341 529 2376 est
560 2337 601 2376 in
629 2343 727 2377 actu
760 2339 944 2391 proprie,
967 2339 1085 2379 verbi
1117 2340 1273 2392 gracia,
1305 2340 1483 2392 quando
1506 2339 1555 2381 fit
1585 2346 1732 2381 statua
1753 2339 1808 2380 de

320 2464 357 2493 13
381 2457 623 2498 Aristoteles]
641 2458 741 2499 Phys.
759 2459 805 2491 iii.
822 2461 920 2492 8-11.

320 2568 333 2588 1
362 2561 537 2601 naturalis]
556 2562 597 2592 de
624 2563 856 2594 communibus
878 2564 955 2594 add.
974 2564 1007 2594 F
1168 2574 1232 2604 3-5
1255 2565 1386 2596 habens
1404 2590 1410 2596 .
1430 2589 1437 2596 .
1455 2588 1463 2596 .
1483 2566 1672 2597 essenciam
1689 2577 1755 2599 om.
1774 2567 1809 2598 D

272 2618 292 2647 5
317 2611 519 2652 essenciam]
538 2618 697 2652 quantum
715 2614 757 2643 ad
773 2624 882 2653 genus
899 2615 1145 2654 predicamenti
1162 2615 1239 2646 add.
1257 2615 1291 2646 F
1448 2626 1486 2655 13
1511 2618 1700 2659 exponere]
1719 2628 1808 2649 com-

274 2670 400 2698 ponere
417 2661 451 2691 D
543 2672 580 2702 14
605 2663 665 2705 sit]
683 2669 736 2695 est
753 2664 815 2695 FD
906 2674 944 2704 15
968 2667 1092 2707 tendit]
1110 2666 1256 2697 intendit
1270 2666 1304 2697 F
1384 2667 1528 2708 aliquid]
1546 2668 1691 2708 aliquem
1705 2670 1807 2700 finem

275 2709 337 2740 FD
429 2713 467 2742 16
484 2713 589 2755 idem]
606 2714 639 2744 id
650 2714 691 2743 M
773 2725 809 2754 17
827 2716 979 2758 quidam]
995 2717 1130 2757 quidem
1142 2717 1183 2748 M
1263 2728 1305 2748 20
1321 2718 1567 2759 actualitatem]
1578 2720 1806 2751 actualitatem

274 2761 439 2792 modicam
458 2763 490 2793 F
607 2775 647 2804 24
672 2765 739 2796 alio
757 2766 865 2807 motu]
884 2772 975 2799 moto
992 2767 1027 2798 D
1145 2770 1187 2799 26
1211 2768 1407 2810 existentis]
1426 2769 1578 2801 existens
1593 2770 1640 2802 F:
1666 2772 1756 2802 entis
1773 2772 1808 2802 D

1831 1123 1868 1144 10

1830 2158 1867 2189 25
