1877 3131
792 164 868 216 169

63 276 179 326 tatis,
201 289 277 316 nec
301 282 448 316 tamen
471 282 569 316 sunt
591 276 789 325 discreta,
807 282 853 316 ut
876 275 1066 316 unitates
1083 277 1271 326 omnino,
1293 283 1360 318 set
1381 278 1594 331 quodam-

66 344 198 384 modo
221 344 426 385 uniuntur
441 344 482 384 in
497 344 686 384 essencia
701 344 913 394 instantis,
936 350 979 384 et
996 344 1094 385 ideo
1116 345 1244 385 simul
1264 352 1452 387 manent.
1516 346 1594 387 Set

63 413 320 453 adveniente
351 412 580 465 posteriori
612 425 715 460 esse,
737 413 1008 465 corumpitur
1037 414 1167 465 priuS,
1190 419 1233 453 et
1266 420 1498 467 utrumque
1528 421 1593 455 est

65 480 337 531 indivisibile,
372 487 415 521 et
455 494 541 522 non
582 487 794 533 quantum
835 481 947 522 sicut
984 481 1207 531 essencia;
1252 489 1295 522 et
1332 483 1431 523 ideo
1473 489 1594 536 patet

29 550 290 603 :quomodo
321 550 467 591 differt
495 564 520 590 a
552 557 753 603 tempore
784 556 827 590 et
859 565 884 591 a
921 561 1113 601 numero,
1142 556 1186 590 et
1222 550 1278 590 ab
1305 548 1311 604 Ι
1340 551 1517 601 unitate,
1549 559 1591 592 et
1616 565 1654 596 47
1675 557 1694 587 b
1713 565 1742 587 2⁴

4 622 7 625 ⁴
65 633 90 660 a
126 625 301 672 puncto.
364 618 409 658 A
443 624 655 671 tempore,
695 619 792 670 quia
832 619 1016 660 varietas
1050 619 1091 659 in
1127 619 1303 660 instanti
1338 633 1425 659 non
1461 620 1592 661 habet

5 734 8 739 ,
66 695 212 742 partes
255 694 453 740 quantas,
494 700 572 728 nec
620 688 928 728 continuantur
967 701 1045 729 sua
1081 701 1176 728 esse
1220 688 1276 728 ad
1316 701 1594 729 communem

66 757 311 806 terminum,
344 757 456 797 sicut
487 762 631 809 partes
668 757 890 808 temporis,
921 762 964 797 et
996 756 1094 797 ideo
1125 755 1291 796 nullum
1315 762 1458 798 totum
1491 770 1594 798 con-

5 862 7 864 .
65 826 234 866 tinuum
257 824 306 866 fit
328 837 383 864 ex
407 825 480 875 eis,
503 837 578 864 nec
601 825 737 865 eciam
761 825 1010 874 discretum,
1033 825 1134 877 quia
1161 822 1398 878 utrumque
1423 825 1594 866 illorum

66 907 160 935 esse
202 894 346 933 unitur
386 893 427 933 in
475 893 662 934 essencia
708 893 910 934 instantis
952 893 1214 934 indivisibili.
1289 893 1368 934 Set
1410 895 1597 934 unitates

8 964 9 967 ’
66 962 230 1003 numeri
260 974 346 1001 non
371 961 582 1002 adherent
612 961 653 1000 in
686 961 796 1002 alico
833 975 919 1001 uno
952 960 1213 1009 indivisibili,
1245 974 1323 1002 nec
1352 961 1464 1002 alico
1496 975 1596 1002 vere

6 1020 8 1024 ’
65 1044 151 1070 uno
173 1036 239 1070 set
265 1043 342 1083 per
362 1030 736 1082 aggoegacionem,
754 1036 797 1070 et
820 1030 919 1071 ideo
941 1037 1040 1071 sunt
1059 1030 1141 1070 ista
1158 1043 1253 1070 esse
1274 1030 1383 1071 sicut
1399 1031 1599 1079 unitateS,

66 1105 108 1139 et
139 1098 343 1139 differunt
374 1113 399 1138 a
431 1099 616 1151 punctis,
643 1099 746 1150 quia
777 1105 938 1151 puncta
969 1098 1132 1139 habent
1163 1112 1257 1139 esse
1288 1105 1333 1140 et
1363 1099 1522 1140 stabile
1555 1106 1597 1140 et

5 1166 7 1169 ’
66 1168 218 1208 fixum.
282 1167 342 1208 Et
367 1168 486 1219 quod
509 1167 642 1208 obicit
671 1167 724 1208 de
745 1167 868 1207 fluxu
901 1168 1105 1216 essencie,
1126 1167 1359 1208 dicendum
1383 1174 1447 1208 est
1469 1168 1601 1221 quod,

6 1229 7 1236 ¹
30 1256 46 1284 ,ς
66 1235 167 1286 quia
198 1247 292 1274 esse
323 1239 421 1273 sunt
444 1233 705 1280 essencialia,
728 1240 770 1273 et
802 1246 895 1274 esse
920 1235 1121 1283 essencie,
1143 1233 1242 1274 ideo
1272 1233 1417 1274 fluxus
1451 1247 1600 1274 eorum

5 1314 9 1344 ’.’
66 1309 131 1343 est
163 1301 309 1342 fluxus
342 1303 545 1350 esseneie,
576 1302 690 1342 unde
725 1303 913 1342 essencia
944 1302 1038 1343 fluit
1069 1302 1306 1342 secundum
1336 1316 1400 1352 ea,
1431 1308 1474 1342 et
1503 1303 1603 1343 ideo

9 1383 11 1385 ’
66 1383 151 1410 non
173 1370 404 1423 requiritur
425 1370 534 1411 alius
556 1370 701 1410 fluxus
727 1371 769 1410 in
790 1371 994 1411 essencia.

126 1438 342 1488 Secundo,
373 1439 731 1479 considerandum
772 1445 838 1480 est
871 1439 928 1478 de
969 1439 1155 1486 instanti,
1198 1439 1239 1478 in
1281 1445 1493 1491 quantum
1535 1446 1602 1480 est

4 1495 11 1561 Γ]
67 1508 280 1548 terminus
324 1508 518 1560 preteriti
559 1514 602 1548 et
644 1507 785 1548 futuri.
862 1507 1125 1548 Aristoteles
1168 1507 1280 1547 enim
1323 1508 1442 1557 dicit,
1483 1508 1602 1560 quod

16 1596 23 1616 ι
68 1577 228 1617 instans
251 1576 308 1616 sic
326 1590 372 1617 se
393 1576 540 1626 habet,
558 1576 666 1617 sicut
684 1577 772 1617 duo
795 1583 957 1629 puncta
971 1576 1012 1616 in
1028 1575 1381 1616 extremitatibus
1403 1576 1599 1628 ejusdem

8 1636 11 1694 ᾖ
67 1644 190 1694 linee,
224 1651 289 1685 set
321 1645 404 1685 ista
446 1651 609 1698 puncta
645 1645 824 1685 omnino
865 1651 966 1685 sunt
999 1644 1169 1685 diversa
1211 1645 1452 1685 secundum
1499 1645 1601 1685 sub-

6 1714 7 1718 ’
68 1713 276 1753 stanciam
319 1719 362 1753 et
404 1714 641 1753 secundum
685 1726 791 1762 esse,
824 1727 940 1766 ergo,
989 1711 994 1767 Ι
1046 1712 1209 1754 instans
1252 1713 1340 1754 tale
1382 1714 1463 1754 erit
1514 1713 1602 1753 duo
1625 1728 1658 1758 F.
1679 1737 1718 1766 ψ)
1738 1727 1805 1757 m,

69 1781 291 1831 instancia,
312 1782 550 1822 secundum
572 1783 690 1834 quod
716 1788 781 1822 est
802 1782 1012 1823 terminus
1044 1782 1251 1834 preteriti,
1275 1787 1318 1821 et
1341 1782 1600 1835 principium

70 1849 212 1890 futuri.
278 1850 338 1890 Et
375 1850 608 1890 dicendum
645 1857 721 1899 est,
759 1851 878 1902 quod
917 1850 1080 1889 instans
1113 1856 1392 1902 comparatur
1433 1850 1603 1890 duobus

16 1939 46 1950 -
70 1919 253 1970 punctis,
274 1931 359 1958 non
381 1924 593 1971 quantum
617 1919 672 1958 ad
695 1918 988 1958 substanciam
1008 1924 1282 1970 punctorum,
1301 1926 1366 1958 set
1390 1925 1601 1970 quantum

69 1988 124 2027 ad
148 2000 254 2026 esse.
320 1987 491 2026 Instans
521 1986 653 2039 igitur
684 1986 817 2027 habet
847 2000 942 2026 esse
964 1986 1148 2035 diversa,
1172 1986 1282 2027 sicut
1313 1987 1401 2026 duo
1428 1994 1602 2040 puncta,

69 2061 132 2096 set
155 2068 240 2095 non
266 2055 401 2095 habet
424 2055 719 2095 substanciam
742 2055 960 2095 diversam
985 2061 1032 2095 ut
1054 2055 1158 2105 duo,
1180 2061 1223 2095 et
1241 2055 1324 2095 hoc
1349 2061 1492 2096 totum
1518 2069 1603 2095 non

69 2130 132 2163 est
166 2123 294 2171 aliud,
331 2123 411 2162 nisi
449 2124 567 2175 quod
598 2123 692 2163 vult
722 2136 799 2175 per
832 2123 916 2163 hoc
952 2123 1256 2174 determinare,
1287 2123 1407 2175 quod
1441 2124 1603 2164 instans

69 2191 202 2232 habet
224 2192 480 2231 varietatem
508 2191 549 2231 in
571 2204 650 2230 suo
675 2205 781 2240 esse,
803 2204 888 2231 non
914 2191 1024 2231 sicut
1047 2205 1156 2231 unus
1184 2199 1381 2244 punctus,
1405 2199 1471 2232 set
1493 2193 1603 2232 sicut

18 2278 53 2299 ·0
70 2260 169 2300 duo.
232 2259 291 2300 Et
314 2266 378 2300 est
401 2273 544 2300 sermo
567 2260 814 2300 excessivus
835 2259 1061 2312 superficie
1090 2266 1228 2309 tenus,
1251 2261 1327 2300 sed
1350 2260 1604 2313 intelligitur

71 2335 283 2381 quantum
314 2328 370 2368 ad
404 2328 735 2369 similitudinem
765 2328 987 2369 varietatis
1023 2329 1065 2368 in
1103 2342 1208 2378 esse,
1240 2334 1283 2369 et
1313 2341 1398 2369 non
1430 2329 1472 2368 in
1504 2330 1604 2370 sub-

72 2397 266 2445 stancia;
313 2403 357 2436 et
391 2403 605 2449 quantum
648 2397 703 2436 ad
744 2410 877 2436 unum
920 2410 1024 2446 esse,
1065 2404 1132 2438 est
1174 2397 1270 2436 finis
1311 2398 1516 2450 preteriti,
1559 2403 1602 2437 et

15 2507 17 2510 ,
73 2472 285 2516 quantum
309 2465 363 2506 ad
387 2465 516 2514 aliud,
541 2472 606 2506 est
627 2465 886 2518 principium
910 2464 1053 2513 futuri,
1078 2472 1121 2505 et
1146 2472 1358 2518 quantum
1381 2467 1436 2507 ad
1460 2479 1602 2506 essen-

73 2533 184 2573 ciam
220 2547 356 2581 suam,
391 2541 457 2574 est
491 2534 766 2575 continuacio
803 2533 994 2586 preteriti
1030 2540 1073 2574 et
1111 2533 1253 2575 futuri.

131 2601 298 2650 Tercio,
330 2600 335 2656 Ι
362 2603 723 2643 considerandum
747 2608 812 2642 est
834 2615 889 2642 an
913 2602 1028 2642 idem
1052 2603 1215 2643 instans
1237 2603 1476 2644 secundum
1500 2603 1604 2643 sub·
1624 2605 1663 2644 48
1682 2615 1699 2634 a
1723 2613 1746 2635 1·

123 2734 135 2753 1
162 2724 323 2765 unitates]
341 2725 479 2756 unitatis
496 2726 529 2756 F
670 2735 689 2764 5
713 2724 900 2765 quomodo]
919 2725 1008 2764 quod
1026 2725 1059 2754 D
1210 2735 1247 2765 15
1273 2725 1408 2766 eorum]
1426 2726 1557 2756 illorum
1575 2726 1609 2755 D

15 2775 18 2788 ¹
77 2783 114 2804 21
140 2775 207 2816 set]
225 2776 310 2807 sicut
326 2777 360 2807 F
485 2787 527 2816 23
551 2776 770 2817 principium]
788 2776 925 2807 inicium
942 2778 1106 2816 temporis
1123 2776 1156 2806 D
1297 2778 1339 2807 28
1363 2777 1608 2817 determinare]

77 2826 246 2857 declarare
264 2827 298 2857 D
429 2838 472 2867 3ο
495 2828 710 2869 excessivus]
729 2829 943 2859 successivus
962 2828 993 2859 F

143 2906 168 2922 R.
186 2906 257 2923 B.111
823 2893 854 2923 N
