1898 3126
995 87 1075 138 296

276 201 527 255 spirituales.
590 200 649 240 Et
685 200 744 239 sic
781 204 1042 240 evacuantur
1077 197 1373 239 cavillaciones
1405 212 1513 251 quas
1553 198 1717 241 faciunt
1750 200 1792 239 in

275 270 537 311 contrarium
560 270 613 310 de
636 269 842 321 partibus,
906 268 1022 307 Nam
1050 267 1190 321 primo
1212 273 1398 321 arguunt
1419 269 1537 320 quod
1560 268 1704 308 anima
1727 275 1792 309 est

273 339 522 381 substancia
553 338 741 390 simplex
775 352 849 390 per
882 336 1040 377 multas
1071 338 1352 378 auctoritates
1383 351 1467 390 que
1494 336 1792 390 intelliguntur

273 410 329 449 de
361 407 635 460 simplicitate
668 420 741 461 per
768 406 1058 459 privacionem
1076 406 1331 457 quantitatis
1364 405 1601 459 corporalis
1629 413 1672 446 et
1704 419 1790 446 non

274 491 350 530 per
371 476 660 529 privacioncm
684 475 876 528 parcium
890 473 1149 514 virtualium.
1211 474 1337 523 Item,
1358 480 1545 528 arguunt
1567 475 1684 527 quod
1705 488 1790 514 non

273 553 371 586 sunt
394 552 549 598 partes,
576 544 677 596 quia
699 551 803 584 tunc
827 548 969 583 essent
991 548 1134 595 partes
1158 542 1398 596 integrales,
1422 549 1465 583 et
1487 544 1546 583 sic
1568 543 1790 596 quantita-

274 615 371 663 tive,
414 626 499 653 non
541 613 792 652 estimantes
834 611 911 652 has
951 617 1096 664 partes
1139 610 1218 651 nisi
1262 611 1302 650 in
1339 610 1650 664 corporalibus.
1713 609 1791 652 Set

273 683 556 736 decipiuntur,
584 681 685 733 quia
716 687 860 734 partes
892 680 1120 733 integrales
1153 686 1253 720 sunt
1286 693 1395 733 eque
1425 680 1466 720 in
1495 679 1791 733 spiritualibus

275 758 321 792 ut
344 752 386 791 in
410 750 717 803 corporalibus,
740 749 865 798 uncle,
888 749 999 790 sicut
1024 762 1096 789 cor
1125 755 1257 801 caput
1279 755 1322 789 et
1351 762 1453 801 epar
1475 755 1518 789 et
1538 748 1790 801 hujusmodi

275 826 416 873 partes
444 819 713 860 constituunt
741 831 907 868 corpus,
931 819 989 858 sic
1011 818 1306 870 vegetativum
1338 824 1381 858 et
1408 817 1658 858 sensitivum
1689 831 1789 858 con-

274 891 459 931 stituunt
481 889 681 929 animam.

334 957 413 999 Set
454 959 509 998 ad
552 957 816 998 evidenciam
861 957 1039 998 istorum
1066 955 1071 1011 Ι
1100 957 1292 1010 queritur
1333 971 1387 997 an
1430 958 1514 998 sint
1548 957 1714 997 diversa
1749 957 1790 996 in

274 1027 460 1067 essencia
502 1033 544 1067 et
584 1027 840 1072 substancia,
882 1039 935 1067 an
978 1039 1062 1066 una
1103 1027 1348 1067 substancia
1400 1026 1522 1079 cujus
1571 1033 1669 1066 sunt
1711 1026 1790 1067 iste

271 1096 477 1149 potencie.
542 1095 600 1135 Et
634 1094 893 1135 Aristoteles
930 1100 972 1136 2⁰
1004 1095 1071 1135 De
1100 1095 1266 1136 Anima
1297 1095 1453 1148 probat
1482 1096 1598 1148 quod
1624 1095 1791 1136 diversa

268 1171 366 1204 sunt
411 1165 648 1205 secundum
691 1164 878 1217 speciem
916 1171 958 1204 et
992 1165 1241 1213 essenciam,
1279 1177 1378 1205 nam
1417 1164 1517 1205 facit
1550 1165 1632 1205 hoc
1666 1178 1790 1218 argu-

271 1240 476 1274 mentum.
539 1233 830 1287 Operaciones
863 1239 960 1273 sunt
989 1233 1156 1274 diverse
1189 1233 1230 1273 in
1261 1233 1451 1273 essencia
1481 1239 1523 1273 et
1553 1234 1789 1274 secundum

269 1302 455 1354 speciem
480 1309 527 1342 ut
551 1301 788 1354 intelligere
810 1302 967 1342 sentire
999 1309 1041 1343 et
1062 1302 1263 1355 vegetari,
1291 1315 1393 1355 ergo
1425 1308 1577 1343 nature
1608 1315 1788 1355 quarum

270 1378 368 1412 sunt
389 1371 467 1412 hec
489 1385 636 1424 opera.
700 1371 824 1419 Item,
843 1372 1135 1423 vegetativum
1158 1371 1199 1411 in
1221 1371 1368 1425 planta
1391 1371 1532 1412 differt
1553 1371 1789 1413 secundum

270 1440 459 1492 speciem
502 1454 526 1479 a
567 1440 769 1479 sensitivo
803 1439 844 1478 in
882 1439 1070 1488 animali,
1118 1446 1161 1480 et
1202 1446 1384 1493 utraque
1426 1440 1605 1481 istarum
1647 1439 1790 1480 differt

272 1510 506 1549 secundum
543 1509 728 1562 speciem
766 1508 820 1548 ab
856 1508 1120 1549 intellectivo
1147 1509 1188 1548 in
1215 1509 1402 1558 homine,
1431 1515 1477 1549 ut
1503 1509 1681 1562 planum
1712 1515 1790 1549 est.

274 1578 352 1619 Set
373 1579 667 1631 vegetativum
693 1578 734 1617 in
759 1577 919 1629 plantis
942 1584 1006 1617 est
1028 1577 1224 1630 ejusdem
1249 1584 1402 1618 nature
1423 1591 1520 1618 cum
1542 1578 1790 1630 vegetativo

272 1647 313 1686 in
347 1647 522 1687 homine
558 1653 735 1699 propter
766 1660 896 1699 opera
927 1647 1093 1696 eadem,
1126 1652 1168 1686 et
1200 1647 1402 1687 sensitiva
1434 1647 1476 1686 in
1507 1646 1643 1687 brutis
1671 1651 1714 1687 et
1746 1646 1789 1686 in

273 1717 450 1756 homine
479 1722 657 1770 propter
689 1717 864 1756 easdem
887 1715 1166 1768 operaciones
1188 1729 1352 1765 sensus,
1375 1728 1488 1768 ergo,
1512 1715 1787 1756 manifestum

277 1791 341 1825 est
375 1786 491 1838 quod
523 1785 784 1826 intellectiva
818 1793 859 1824 et
892 1784 1100 1825 sensitiva
1134 1784 1324 1824 hominis
1356 1790 1398 1824 et
1424 1784 1669 1838 vegetativa
1703 1797 1789 1824 non

1816 839 1852 859 10

1814 1182 1849 1212 15

1813 1525 1850 1547 20

272 1860 370 1894 sunt
402 1854 598 1907 ejusdem
631 1860 784 1893 nature
815 1852 1024 1906 specifice.
1091 1853 1214 1902 Item,
1248 1854 1282 1892 si
1312 1853 1428 1906 prius
1460 1853 1717 1894 inducantur
1746 1853 1789 1893 in
1811 1870 1848 1899 25

272 1937 364 1963 esse
396 1936 528 1975 quam
561 1922 813 1962 infundatur
844 1922 1120 1971 intellectiva,
1153 1928 1196 1962 et
1234 1922 1475 1962 educuntur
1505 1922 1558 1962 de
1589 1922 1790 1974 potencia

273 1992 448 2031 materie
481 1998 522 2031 et
556 1991 799 2032 intellectus
837 2004 936 2041 non,
977 1998 1078 2031 tunc
1115 2004 1202 2032 non
1236 1991 1397 2031 habent
1428 1990 1507 2031 nisi
1544 1991 1789 2044 potenciam

274 2061 534 2114 receptivam
574 2066 768 2113 respectu
811 2060 1050 2101 intellectus
1087 2066 1130 2100 et
1172 2073 1257 2100 non
1302 2060 1502 2100 activam.
1565 2058 1642 2100 Set
1685 2059 1789 2099 illud

273 2130 390 2182 quod
413 2128 553 2168 solum
575 2128 707 2168 habet
737 2129 983 2181 potenciam
1010 2129 1274 2181 receptivam
1305 2135 1500 2182 respectu
1526 2128 1703 2168 alterius
1725 2135 1789 2169 est

274 2199 487 2239 diversum
512 2200 553 2238 in
577 2199 768 2239 essencia
789 2201 844 2240 ab
868 2213 932 2249 eo,
956 2206 1002 2239 ut
1030 2206 1152 2252 patet
1182 2200 1221 2239 in
1248 2199 1343 2239 loco
1369 2205 1566 2252 respectu
1594 2198 1720 2239 locati
1747 2204 1789 2239 et
1809 2212 1823 2241 Γ

275 2268 315 2307 in
347 2267 569 2307 embrione
602 2275 796 2320 respectu
830 2266 942 2308 illius
970 2270 1087 2321 quod
1121 2274 1288 2308 creatur
1321 2267 1424 2321 (sive
1445 2268 1501 2308 sit
1523 2273 1617 2307 tota
1645 2267 1790 2307 anima

274 2337 511 2377 secundum
534 2336 650 2383 istos,
668 2337 756 2376 sive
778 2337 832 2377 sit
858 2336 979 2377 solus
1002 2336 1247 2377 intellectus
1269 2336 1507 2377 secundum
1528 2336 1789 2388 veritatem),

275 2419 377 2459 ergo
407 2405 599 2457 sequitur
631 2406 871 2446 necessario
903 2407 1020 2458 quod
1051 2407 1301 2446 substancia
1329 2405 1535 2446 sensitiva
1559 2405 1644 2445 alia
1673 2411 1737 2445 est
1764 2419 1788 2444 a

274 2474 520 2514 substancia
553 2474 825 2515 intellectiva.
890 2475 1015 2524 Item,
1052 2481 1198 2528 partes
1239 2474 1440 2514 sensitive
1481 2480 1581 2514 sunt
1622 2473 1788 2513 diverse

274 2543 509 2583 secundum
543 2543 729 2595 speciem
763 2550 809 2583 ut
841 2543 959 2583 visus
991 2551 1035 2584 et
1075 2543 1351 2596 ymaginacio
1393 2548 1436 2582 et
1478 2542 1700 2591 memoria,
1740 2547 1787 2581 ut
1808 2554 1825 2583 3

275 2611 451 2664 planum
494 2618 557 2652 est
602 2618 782 2664 propter
831 2612 1107 2665 operaciones
1159 2612 1349 2652 diversas
1397 2612 1439 2651 in
1487 2610 1642 2663 specie,
1684 2623 1787 2662 ergo

320 2767 358 2794 14
382 2759 435 2787 De
454 2756 604 2796 Anima]
622 2756 653 2787 ii.
671 2766 723 2795 31.
