1898 3126
977 116 1060 146 220

250 222 354 262 fieri.
418 219 640 270 Similiter,
668 219 702 259 si
736 219 778 258 in
810 217 957 271 aliquo
989 231 1091 258 vase
1123 230 1231 258 eneo
1260 215 1328 256 vel
1358 229 1491 256 aureo
1519 213 1784 256 solidissimo

249 290 493 331 includatur
529 302 644 342 aqua
680 288 748 328 vel
784 287 902 327 aliud
939 286 1236 327 condensibile
1271 285 1340 325 vel
1378 283 1716 338 congelandum,
1738 290 1782 325 et

248 359 430 399 omnino
467 358 729 406 obstruatur,
761 362 908 409 potest
945 355 1219 403 condensari,
1252 360 1301 394 ut
1331 353 1531 393 videmus
1565 366 1642 406 per
1676 352 1776 406 gelu

249 435 291 469 et
324 441 401 482 per
434 426 636 475 calorem,
667 439 781 479 ergo,
815 424 1027 465 minorem
1063 423 1207 464 locum
1242 422 1489 475 occupabit,
1522 435 1639 474 ergo,
1671 421 1782 462 inter

248 497 385 537 latera
410 496 523 536 vasis
552 500 595 535 et
622 508 711 534 rem
740 493 831 546 jam
861 494 1172 533 condensatam
1205 492 1284 532 erit
1316 504 1516 531 vacuum.
1579 489 1627 531 Si
1659 490 1778 531 dicas
1802 508 1819 540 5

247 565 365 618 quod
398 577 497 611 non,
526 563 628 616 quia
660 567 888 603 occurrent
920 561 1056 601 latera
1086 560 1210 608 vasis,
1243 565 1287 599 et
1315 565 1527 612 sequntur
1556 559 1688 599 situm
1719 560 1779 599 rei

248 639 461 680 contente,
484 632 566 672 hoc
589 644 675 671 non
697 631 870 670 videtur
891 635 1071 682 propter
1091 629 1356 669 soliditatem
1379 628 1506 675 vasis,
1528 627 1630 681 quia
1660 626 1778 667 nulla

247 702 321 742 fiet
344 702 381 742 ei
403 700 626 749 violencia,
650 712 727 740 nec
759 713 815 739 ex
848 711 893 739 se
925 697 1111 750 appetit,
1132 710 1213 738 nec
1241 696 1419 737 sibimet
1450 702 1596 749 potest
1623 696 1778 737 inferre

246 770 515 812 violenciam.
580 768 705 816 Item,
735 768 769 808 si
806 766 984 819 aliquod
1025 766 1208 806 istorum
1242 766 1468 813 accideret,
1501 778 1591 805 non
1627 772 1778 817 posset

247 839 347 887 dici,
369 838 447 877 nisi
469 837 588 891 quod
623 836 704 877 hoc
726 835 847 876 fieret
876 848 931 875 ne
953 833 1077 875 fieret
1098 847 1299 874 vacuum.
1364 833 1441 874 Set
1474 833 1656 886 negacio
1689 846 1775 874 non
1802 853 1842 876 10

246 911 310 944 est
340 917 469 945 causa
492 902 808 948 affirmacionis,
833 908 882 942 ut
902 900 1022 954 'prius
1045 900 1210 941 dictum
1234 906 1309 940 est.
1373 900 1432 940 Et
1455 900 1688 941 dicendum
1712 908 1778 941 est

247 972 365 1022 quod
394 977 549 1010 natura
582 968 853 1022 particularis
876 980 989 1020 aque
1021 981 1078 1007 ex
1107 980 1153 1007 se
1182 979 1268 1006 non
1300 972 1389 1007 stat
1421 980 1606 1016 sursum,
1627 973 1694 1007 set
1721 981 1779 1007 ex

246 1040 405 1079 virtute
432 1044 584 1078 nature
608 1036 868 1083 universalis,
887 1049 971 1089 que
993 1035 1372 1076 continuacionem
1394 1048 1625 1088 corporum
1649 1042 1775 1077 natu-

247 1108 399 1148 ralium
415 1120 587 1159 semper
604 1106 781 1159 requirit
798 1112 842 1146 et
856 1111 1100 1155 conservat,
1115 1117 1201 1156 que
1223 1104 1500 1144 continuacio
1516 1104 1779 1145 dissolvetur

244 1190 321 1229 per
342 1190 537 1216 vacuum.
601 1176 660 1215 Et
694 1175 794 1215 ideo
820 1180 942 1227 patet
964 1173 1068 1226 quid
1098 1179 1163 1213 est
1193 1186 1323 1213 causa
1346 1173 1544 1221 efficiens,
1566 1173 1778 1225 quoniam
1802 1192 1839 1224 15

246 1253 400 1286 natura
432 1243 685 1284 universalis
718 1244 786 1284 cui
818 1243 969 1283 obedit
1001 1249 1155 1282 natura
1187 1241 1486 1295 particularis;
1521 1242 1691 1294 etquid
1713 1249 1779 1284 est

245 1328 376 1355 causa
394 1313 549 1362 finalis,
571 1313 780 1366 quoniam
811 1311 1090 1352 continuacio
1122 1310 1334 1351 naturalis
1357 1324 1588 1362 corporum
1613 1312 1775 1352 mundi.

246 1384 305 1423 Et
323 1383 402 1423 hec
419 1389 484 1423 est
503 1381 740 1422 affirmacio
763 1381 818 1420 ad
842 1393 973 1432 quam
997 1380 1195 1432 sequitur
1217 1379 1398 1432 negacio
1420 1379 1568 1427 vacui;
1600 1386 1643 1420 et
1667 1379 1778 1429 ideo,

244 1465 331 1492 non
361 1451 568 1505 ponimus
599 1450 885 1502 negacionem
910 1449 1035 1489 vacui
1057 1461 1152 1488 esse
1174 1461 1349 1500 causam
1366 1448 1684 1498 affirmacionis,
1699 1450 1775 1489 sed

99 1529 139 1568 63
159 1541 174 1559 a
197 1539 222 1559 2.
245 1535 267 1560 e
289 1520 518 1560 contrario.
581 1518 700 1571 Quid
731 1531 835 1558 vero
862 1518 918 1557 sit
950 1530 1080 1558 causa
1107 1515 1112 1570 Ι
1141 1517 1405 1567 universaliS,
1428 1517 1679 1568 expositum
1712 1524 1777 1558 est
1799 1536 1839 1557 20

243 1589 442 1642 superius
465 1588 506 1627 in
538 1594 728 1628 tractatu
758 1587 808 1626 de
837 1587 989 1627 causis.
1053 1586 1265 1627 Similiter
1292 1586 1526 1626 dicendum
1559 1592 1624 1626 est
1655 1587 1775 1639 quod

244 1671 300 1697 ex
351 1656 448 1709 lege
499 1662 654 1697 nature
705 1654 956 1696 universalis
1006 1654 1319 1696 contrahentur
1370 1654 1505 1695 latera
1556 1655 1682 1703 vasis,
1732 1663 1776 1696 et

242 1733 479 1778 sequentur
530 1725 664 1765 situm
710 1725 767 1764 rei
821 1724 1117 1772 condensate;
1171 1730 1217 1763 ut
1263 1722 1456 1763 salvetur
1496 1724 1776 1765 continuacio

245 1808 385 1834 rerum
417 1794 696 1840 naturalium,
720 1799 763 1834 et
791 1794 850 1832 sic
882 1806 959 1846 per
986 1805 1255 1844 consequens
1284 1791 1544 1832 excludatur
1571 1806 1773 1834 vacuum.

245 1864 304 1903 lit
327 1862 503 1915 planum
535 1868 611 1911 est,
634 1862 752 1914 quod
785 1861 915 1901 simul
944 1868 1057 1910 sunt,
1079 1874 1264 1913 quorum
1294 1860 1423 1900 nichil
1455 1867 1520 1901 θεῖ
1554 1862 1747 1901 medium
1767 1875 1775 1911 ;
1798 1880 1835 1912 25

244 1937 310 1971 set
351 1931 462 1970 inter
502 1929 775 1983 superficiem
819 1930 876 1970 rei
918 1931 1184 1970 condensate
1226 1934 1269 1968 et
1310 1929 1447 1969 latera
1488 1929 1602 1969 vasis
1645 1931 1775 1971 nichil

245 1999 435 2040 medium
465 2006 541 2049 est,
564 2012 681 2052 ergo,
712 1999 838 2039 simul
870 2006 995 2039 sunt:
1030 1998 1158 2038 nichil
1191 1998 1306 2037 enim
1339 2011 1424 2038 non
1457 2004 1602 2051 potest
1635 1998 1775 2040 facere

245 2068 514 2116 distanciam,
544 2081 623 2107 nec
655 2074 800 2120 potest
829 2068 931 2121 poni
958 2067 1170 2108 dimensio
1201 2079 1337 2106 vacua
1369 2067 1461 2106 sine
1493 2066 1704 2120 subjecto,
1728 2075 1776 2108 ut

20 2152 177 2190 1<*.105b
199 2161 223 2183 ι,
246 2137 365 2190 prius
402 2142 628 2176 ostensum
665 2143 741 2177 est.
769 2134 775 2191 1
806 2136 866 2176 Εῖ
905 2136 1004 2176 ideo
1042 2136 1076 2175 si
1118 2136 1230 2175 inter
1267 2135 1455 2187 parietes
1488 2134 1773 2177 solidissimos

245 2211 362 2244 totus
391 2217 463 2243 aer
492 2204 637 2244 subito
670 2211 959 2254 amoveretur,
981 2218 1079 2244 cum
1114 2204 1243 2244 nichil
1273 2211 1386 2244 esset
1417 2205 1622 2255 medium,
1644 2205 1774 2245 simul
1795 2222 1835 2252 30
1870 2244 1871 2250 ,

243 2279 385 2312 essent
418 2273 606 2325 parietes
637 2274 796 2314 subito.
879 2274 940 2314 Et
986 2272 1210 2313 consimile
1250 2278 1328 2319 θεῖ,
1372 2273 1489 2325 quod
1537 2273 1774 2325 aliquando

243 2341 456 2393 frangitur
497 2354 584 2389 vas,
619 2343 660 2381 in
712 2356 800 2394 quo
848 2342 1141 2383 condensatur
1191 2354 1306 2393 aqua
1352 2341 1420 2380 vel
1474 2341 1605 2392 aliud,
1643 2342 1678 2381 si
1718 2343 1774 2382 sit

283 2493 321 2511 21
349 2485 393 2513 de
412 2482 548 2523 causis]
578 2493 633 2522 pp.
651 2485 813 2514 206-216.

284 2633 302 2659 4
327 2622 376 2662 et]
394 2622 446 2652 vel
465 2622 526 2651 FD
672 2623 692 2652 6
715 2622 911 2662 occurrent]
932 2626 1135 2651 concurrant
1153 2620 1199 2651 F:
1226 2626 1430 2651 concurrent
1448 2621 1482 2650 D
1591 2621 1771 2662 sequntur]

239 2678 425 2712 sequentur
442 2674 475 2702 D
655 2683 694 2703 10
719 2672 830 2712 fieret]
850 2673 907 2703 fiat
925 2672 956 2702 F
1128 2683 1163 2702 11
1191 2682 1292 2702 causa
1304 2683 1369 2703 om.
1382 2671 1423 2701 M
1612 2682 1650 2711 15
1673 2673 1770 2713 quid]

237 2725 325 2762 quod
339 2725 372 2754 D
536 2726 574 2755 18
597 2724 713 2764 quam]
732 2725 820 2763 quod
838 2724 870 2754 F
1025 2733 1062 2753 21
1090 2724 1249 2764 tractatu]
1269 2724 1415 2763 capitulo
1433 2724 1466 2753 D
1639 2735 1678 2763 27
1704 2735 1771 2755 non

237 2785 302 2805 0711.
321 2776 355 2805 D
