1898 3126
49 1473 199 1502 1³.111b
220 1481 245 1502 ι,

985 106 1065 159 256

259 231 325 265 est
367 223 671 265 necessarium.
735 223 794 263 Et
828 222 948 275 quod
981 221 1065 263 hoc
1105 222 1159 262 sit
1202 221 1470 275 impossibile
1511 227 1646 274 patet,
1688 222 1792 275 quia

260 291 523 334 Aristoteles
545 291 805 332 determinat
828 304 1034 344 expresse
1056 291 1099 330 in
1121 295 1167 340 40
1181 290 1470 338 Plzisicorum,
1485 296 1528 332 et
1551 290 1791 339 Avieenna,

259 368 304 402 et
336 360 559 410 Averrois,
581 361 700 413 quod
732 373 819 400 non
852 365 1036 412 possunt
1063 360 1150 400 duo
1179 365 1381 413 tempora
1412 359 1539 400 simul
1575 373 1680 409 esse,
1714 372 1790 400 nec

260 432 349 471 duo
372 430 595 470 instancia.
660 429 792 470 Unde
815 430 901 470 duo
925 442 1094 469 menses
1117 428 1245 468 simul
1272 442 1366 469 esse
1387 442 1473 469 non
1496 434 1692 482 possunt,
1713 441 1791 468 nec

263 501 352 540 duo
378 499 476 539 anni
501 512 579 539 nec
611 499 701 538 duo
733 498 824 540 dies
857 512 935 539 nec
968 499 1053 538 due
1083 498 1217 547 h01·e;
1250 504 1293 538 et
1325 497 1408 538 hoc
1441 499 1791 539 demonstratum

262 575 329 609 est
365 568 575 620 superius.
639 566 716 608 Set
751 568 852 619 quia
874 567 944 607 hic
979 567 1154 620 proprie
1186 566 1344 608 accidit
1376 566 1567 607 infinitus
1598 579 1715 606 error
1736 580 1793 606 ex

264 637 514 691 ignorancia
532 635 602 688 huj
612 650 658 675 us
674 635 1074 686 demonstracionis,
1090 636 1187 676 ideo
1202 635 1301 675 volo
1319 635 1388 676 hic
1405 649 1501 675 earn
1520 635 1794 688 presentibus

261 706 493 759 assignare.
555 706 700 747 Omne
741 706 1113 747 dimensionatum
1155 720 1211 746 ex
1257 712 1379 759 parte
1413 720 1464 746 ea
1502 719 1589 758 qua
1624 705 1794 746 dimen-

261 777 479 816 sionatuin
511 781 587 823 est,
616 774 715 815 licet
745 775 951 816 excludat
977 775 1108 824 aliud,
1142 781 1288 815 tamen
1310 789 1335 815 a
1363 781 1487 828 parte
1518 788 1569 814 ea
1597 788 1683 827 qua
1708 787 1795 815 non

261 851 325 884 est
349 844 725 892 dimensionatum‚
747 857 832 885 non
866 843 1060 884 excludit
1085 843 1214 895 aliud,
1237 851 1284 885 ut
1316 857 1546 897 possumus
1567 844 1714 884 videre
1740 844 1795 883 de

263 912 388 952 simul
413 912 519 962 loco,
542 913 645 965 quia
668 913 781 952 enim
805 922 963 966 eorpus
992 913 1184 965 undique
1206 913 1575 954 dimensionatum
1599 918 1676 963 est,
1698 912 1795 951 ideo

264 981 452 1033 undique
485 980 681 1021 excludit
713 981 843 1030 aliud,
875 989 941 1022 set
974 982 1221 1034 superficies
1252 983 1491 1022 secundum
1530 979 1809 1034 profundum

265 1063 349 1089 non
372 1050 568 1090 excludit
591 1049 721 1101 aliud,
744 1051 848 1102 quia
877 1051 937 1090 sic
967 1057 1032 1091 est
1056 1050 1328 1091 indivisibilis
1356 1057 1398 1091 et
1421 1051 1795 1096 indimensionata,

264 1124 307 1158 et
336 1119 433 1158 ideo
459 1124 640 1171 possent
672 1118 838 1160 infinite
866 1119 1114 1173 superficies
1143 1134 1237 1160 esse
1271 1120 1399 1160 simul
1429 1119 1526 1160 loco
1554 1119 1794 1160 secundum

263 1187 538 1240 profundum,
561 1188 761 1239 quamvis
789 1189 1027 1228 secundum
1057 1188 1235 1242 longum
1262 1194 1304 1229 et
1326 1188 1465 1228 latum
1488 1188 1725 1228 excludant
1751 1200 1796 1228 se
1839 1204 1853 1234 ,-

266 1261 430 1305 mutuo,
470 1263 572 1297 sunt
622 1257 738 1296 enim
790 1257 873 1297 hiis
922 1258 1063 1297 modis
1105 1258 1437 1298 dimensionate.
1515 1257 1654 1297 Linea
1694 1269 1796 1296 vero

266 1325 506 1364 secundum
546 1324 814 1377 profundum
850 1332 892 1366 et
928 1327 1065 1366 latum
1103 1340 1188 1367 non
1221 1327 1355 1367 habet
1388 1326 1717 1373 dimensionem,
1754 1331 1796 1365 et

264 1390 363 1430 ideo
409 1403 495 1430 non
541 1390 737 1431 excludit
778 1391 909 1431 aliam
959 1394 1197 1433 secundum
1247 1393 1385 1432 latum
1428 1398 1471 1433 et
1512 1391 1797 1445 profundum,

266 1459 381 1499 unde
413 1458 580 1500 infinite
610 1459 720 1500 linee
750 1467 929 1513 possent
958 1474 1051 1501 esse
1087 1461 1217 1501 simul
1259 1460 1263 1515 Ι
1300 1461 1540 1502 secundum
1574 1461 1652 1501 has
1692 1459 1797 1509 vias,

267 1528 465 1580 quamvis
518 1529 755 1568 secundum
811 1529 991 1583 longum
1045 1530 1240 1582 quelibet
1290 1530 1490 1570 excludit
1543 1528 1798 1582 quamlibet,

268 1596 368 1649 quia
399 1596 458 1636 sic
495 1596 810 1638 dimensionate
843 1604 954 1639 sunt.
1018 1599 1208 1641 Punctus
1240 1606 1401 1648 autem,
1439 1599 1540 1651 quia
1582 1613 1638 1639 ex
1680 1598 1798 1638 omni

270 1671 394 1718 parte
449 1671 564 1705 caret
609 1665 890 1716 dimensione,
932 1673 1107 1720 oportet
1149 1668 1267 1720 quod
1311 1681 1397 1708 non
1439 1667 1648 1708 excludat
1690 1666 1799 1707 alios

272 1739 456 1786 punctos
479 1734 680 1786 quamvis
705 1734 907 1785 infinitos,
931 1737 1033 1788 quia
1062 1737 1228 1790 primus
1255 1750 1342 1778 non
1365 1736 1498 1777 habet
1522 1737 1634 1776 unde
1657 1750 1681 1776 a
1703 1735 1799 1776 loco

269 1816 347 1842 suo
376 1803 549 1855 proprio
579 1802 787 1844 excludat
816 1806 1066 1853 secundum,
1095 1819 1173 1846 nec
1204 1807 1420 1847 secundus
1447 1806 1638 1853 tercium,
1663 1811 1707 1846 et
1738 1804 1799 1844 sic

270 1873 326 1912 de
362 1871 551 1912 infinitis.
613 1871 895 1926 Quapropter
927 1875 1125 1916 similiter
1167 1875 1246 1916 erit
1288 1876 1342 1915 de
1383 1874 1512 1915 simul
1555 1875 1802 1923 duracione,

269 1941 388 1993 quod
430 1954 557 1981 omne
600 1941 968 1984 dimensionatum
1005 1945 1243 1985 secundum
1281 1944 1391 1984 hanc
1423 1944 1552 1994 viam,
1585 1943 1685 1984 licet
1722 1956 1798 1982 ex-

271 2009 419 2050 cludat
451 2009 569 2050 aliud
604 2012 844 2052 seeundum
882 2014 1000 2066 quod
1039 2014 1407 2054 dimensionatum
1450 2020 1529 2063 est,
1560 2019 1709 2053 tamen
1750 2025 1800 2052 ea

224 2099 250 2121 2.
272 2079 439 2119 racione
468 2092 554 2131 qua
597 2093 681 2121 non
720 2088 784 2120 est
826 2082 1219 2137 dimenlsionatum,
1256 2097 1281 2123 a
1318 2097 1394 2124 sua
1437 2082 1671 2123 duracione
1713 2095 1799 2122 non

273 2146 466 2187 excludit
490 2148 620 2188 aliud.
683 2148 759 2190 Set
782 2152 923 2192 omnis
945 2153 1258 2193 transmutacio
1280 2152 1522 2192 successiva
1539 2151 1630 2191 sive
1656 2156 1802 2191 motus

272 2215 405 2256 habet
442 2216 583 2256 solum
621 2218 937 2260 dimensionem
973 2220 1179 2262 linearem
1217 2221 1453 2261 secundum
1488 2220 1800 2261 dimensionem

273 2285 406 2336 spacii
442 2298 466 2324 a
495 2285 625 2338 priori
657 2287 698 2326 in
726 2290 941 2341 posterius
973 2290 1013 2329 in
1048 2290 1209 2342 spacio.
1272 2289 1347 2331 Set
1379 2291 1462 2330 ista
1493 2289 1707 2329 dimensio
1738 2294 1802 2328 est

274 2353 414 2392 solum
445 2367 522 2406 per
549 2354 778 2396 decursum
811 2371 835 2397 a
863 2359 1071 2411 preterito
1104 2359 1144 2399 in
1178 2358 1386 2408 futurum,
1411 2365 1455 2398 et
1486 2370 1570 2398 non
1603 2363 1801 2410 respectu

318 2502 338 2523 2
360 2494 617 2536 Phisieorum]
641 2495 682 2526 iv.
699 2506 753 2537 90.

322 2637 335 2656 1
363 2628 609 2668 necessarium]
634 2628 874 2668 necessarium,
900 2629 1040 2669 scilicet,
1066 2629 1156 2668 quod
1180 2628 1214 2659 in
1238 2629 1359 2659 eodem
1382 2627 1413 2658 A
1437 2632 1501 2659 ete.
1529 2627 1561 2657 F
1685 2627 1750 2667 5—8
1773 2632 1804 2658 et

276 2678 339 2707 hoc
371 2701 379 2708 .
414 2701 421 2708 .
455 2701 463 2708 .
498 2679 705 2720 assignare.]
732 2679 774 2710 Et
801 2680 1051 2710 demonstratur
1074 2680 1134 2712 sic.
1160 2679 1214 2711 D:
1255 2679 1298 2710 Et
1325 2680 1390 2710 hoc
1418 2680 1671 2710 demonstratur
1694 2677 1751 2710 sic.
1776 2677 1810 2707 F

280 2738 318 2758 10
341 2728 447 2768 aliud]
466 2729 602 2768 aliquod
617 2730 651 2761 F
757 2740 862 2769 13-15
878 2741 945 2761 non
964 2731 1113 2762 excludit
1130 2754 1137 2762 .
1157 2754 1165 2762 .
1188 2754 1196 2762 .
1212 2730 1414 2771 profundum
1432 2741 1499 2762 om.
1519 2730 1553 2760 D
1666 2739 1704 2767 14
1729 2739 1805 2769 pos·

280 2779 373 2819 sent]
392 2784 534 2819 possunt
549 2780 582 2810 F
721 2791 758 2820 15
784 2782 980 2823 excludant]
998 2782 1157 2814 excludat
1174 2782 1208 2813 F
1334 2793 1377 2821 30
1400 2781 1580 2822 linearem]
1598 2781 1759 2812 linearum
1776 2780 1810 2811 F

1818 856 1855 876 10

1821 1547 1858 1567 20

1823 1894 1859 1924 25

1823 2234 1862 2265 30
