1898 3126
134 1672 174 1711 84
192 1672 211 1701 b
233 1680 262 1702 Ι.

1004 117 1085 158 290

283 225 576 272 exponentem
607 218 710 270 quid
739 225 803 259 est
826 219 942 272 quod
972 232 1049 272 per
1069 232 1197 260 voces
1217 219 1493 272 significetur.
1556 220 1634 262 Set
1659 235 1799 262 rerum

282 288 438 328 noticia
460 286 796 340 significatarum
820 287 1003 327 habetur
1020 288 1177 340 partim
1201 301 1276 341 per
1298 290 1552 342 magistrum
1571 291 1800 331 ostenden-

282 365 370 397 tem
403 362 447 396 et
477 356 886 408 exemplificantem‚
918 364 960 396 et
998 356 1155 408 partim
1189 371 1265 410 per
1296 370 1445 398 sensus
1476 359 1795 411 experienciam

283 433 326 466 et
358 425 517 478 partim
550 438 627 477 per
661 424 932 465 influenciam
966 424 1148 477 agentis.
1211 425 1328 466 Nam
1362 440 1427 466 res
1463 440 1538 480 per
1573 428 1797 468 doctorem

284 500 427 546 potest
459 494 569 533 visui
601 493 773 534 ostendi
805 500 847 533 et
880 493 1206 546 exemplificari,
1232 501 1275 535 et
1306 495 1470 548 species
1502 495 1560 535 rei
1591 497 1711 536 venit
1741 497 1797 537 ad
1817 515 1835 545 5

284 562 549 603 intellectum
584 576 660 615 per
692 575 875 612 sensum,
907 569 950 603 et
982 562 1225 602 intellectus
1258 576 1390 615 agens
1427 564 1627 615 illustrat,
1661 572 1705 605 et
1739 565 1798 605 sic

284 632 473 672 nascitur
495 631 537 670 in
560 631 705 671 anima
736 630 911 671 habitus
940 631 1196 684 cognitivus,
1219 637 1261 672 et
1292 633 1352 673 ita
1373 646 1448 686 per
1469 633 1548 674 has
1570 633 1658 674 vias
1681 634 1796 674 suffi-

282 701 443 741 cienter
464 705 609 752 potest
632 699 721 739 fieri
744 699 926 740 sciencia
949 700 989 739 in
1018 699 1244 754 discipulo,
1272 700 1332 741 ita
1362 702 1480 754 quod
1509 715 1595 743 non
1625 708 1797 755 oportet
1859 724 1863 726 -

282 769 398 822 quod
422 768 603 809 sciencia
629 774 809 820 generet
830 781 885 808 se.

339 836 385 877 Si
428 838 563 878 eciam
598 837 782 878 obicitur
822 838 939 890 quod
983 838 1165 890 quilibet
1205 839 1469 893 gramaticus
1501 840 1579 880 scit
1612 841 1795 881 eandem
1821 859 1858 881 10

282 906 509 947 scienciam
542 906 840 959 gramaticam,
864 913 906 946 et
935 906 1120 959 quilibet
1152 907 1315 961 logicus
1347 908 1426 949 scit
1449 909 1632 949 eandem
1661 909 1795 950 scien-

281 975 390 1015 ciam
432 975 633 1029 logicam,
667 981 709 1015 et
742 975 802 1015 sic
837 976 892 1015 de
929 975 1022 1015 aliis
1057 977 1265 1028 scienciis,
1301 991 1416 1030 ergo,
1452 990 1603 1018 omnes
1634 977 1797 1018 habent

281 1044 462 1084 eandem
500 1044 727 1085 scienciam
760 1057 939 1084 numero
973 1045 1014 1085 in
1047 1046 1273 1086 animabus
1305 1047 1418 1094 suis3
1450 1053 1514 1087 set
1545 1047 1698 1087 eadem
1731 1060 1796 1087 res

283 1126 463 1153 numero
501 1127 585 1154 non
620 1120 765 1167 potest
797 1127 890 1153 esse
926 1114 966 1153 in
999 1115 1176 1155 diversis
1208 1116 1442 1169 subjectis;
1474 1129 1590 1169 ergo,
1621 1122 1795 1169 oportet

282 1183 399 1234 quod
423 1195 506 1222 una
527 1183 581 1222 sit
608 1183 753 1222 anima
775 1183 905 1230 omni,
928 1183 1039 1224 sicut
1067 1190 1132 1224 est
1162 1197 1248 1224 una
1280 1184 1474 1225 sciencia.
1537 1185 1597 1225 Et
1626 1184 1706 1225 hec
1731 1190 1796 1225 est
1818 1201 1855 1234 15

278 1252 500 1293 cavillacio
522 1252 716 1292 involuta
737 1252 875 1302 valde,
889 1257 932 1292 et
953 1252 1112 1293 credidi
1134 1253 1206 1293 diu
1230 1254 1347 1305 quod
1370 1259 1516 1307 posset
1538 1253 1646 1293 solvi
1668 1254 1729 1295 sic
1750 1261 1797 1294 ut

279 1321 448 1361 dicatur
486 1321 603 1373 quod
646 1321 830 1361 sciencia
863 1327 928 1361 est
962 1321 1137 1375 duplex.
1216 1322 1317 1363 Una
1352 1329 1416 1363 est
1448 1322 1622 1363 habitus
1653 1323 1796 1363 anime

278 1387 534 1440 cogniffivus,
548 1400 635 1439 quo
657 1388 800 1427 anima
822 1388 901 1428 scit
926 1387 1088 1441 aliquid
1106 1388 1255 1428 scibile
1275 1389 1495 1442 objectum
1514 1388 1795 1439 intellectum,

280 1456 366 1495 sive
408 1457 463 1496 sit
505 1456 624 1496 Deus
666 1457 754 1496 sive
796 1455 974 1508 angelus
1014 1457 1103 1498 sive
1143 1459 1279 1498 eciam
1321 1457 1466 1511 aliqua
1513 1458 1707 1508 sciencia,
1749 1465 1796 1499 ut

278 1524 517 1577 gramatica
529 1524 598 1565 vel
616 1525 756 1577 logica
770 1525 837 1565 vel
855 1525 951 1565 alia.
1004 1525 1061 1566 Et
1078 1525 1156 1566 hec
1172 1540 1256 1578 que
1273 1533 1338 1566 est
1359 1526 1533 1567 habitus
1554 1527 1796 1580 cognitivus
1817 1546 1858 1567 20

280 1593 322 1632 in
364 1593 508 1633 anima
544 1593 857 1634 diversificatur
889 1594 930 1634 in
963 1594 1140 1635 diversis
1172 1595 1421 1636 hominibus
1452 1601 1495 1635 et
1525 1594 1794 1643 animalibus,

280 1668 322 1702 et
345 1669 596 1703 numeratur
616 1663 851 1703 secundum
875 1676 1103 1703 numerum
1136 1676 1295 1703 earum.
1324 1662 1329 1716 Ι
1360 1662 1436 1703 Set
1466 1662 1591 1703 aliter
1612 1663 1796 1704 sumitur

278 1731 459 1772 sciencia
481 1745 576 1784 que,
593 1731 766 1782 scilicet,
783 1738 847 1772 est
864 1732 1084 1785 objectum
1107 1732 1362 1783 intellectus,
1379 1746 1462 1785 que
1484 1739 1548 1772 est
1570 1732 1795 1785 quoddam

278 1799 424 1842 scibile
454 1805 496 1839 et
520 1799 802 1853 intelligibile,
828 1807 874 1841 ut
903 1800 987 1841 alia
1010 1800 1298 1853 intelligibilia
1320 1814 1404 1853 que
1425 1800 1588 1842 debent
1610 1800 1707 1840 sciri
1738 1801 1794 1841 ab

278 1868 434 1917 anima,
467 1875 512 1908 ut
545 1868 694 1922 logica,
725 1870 966 1922 gramatica
997 1875 1039 1909 et
1070 1869 1255 1910 sciencie
1295 1875 1449 1910 cetere.
1513 1869 1571 1910 Et
1612 1869 1794 1910 sciencia
1817 1887 1852 1919 25

279 1937 360 1977 hoc
382 1937 512 1977 modo
534 1944 709 1991 sumpta
731 1938 918 1978 creditur
940 1951 1025 1978 una
1047 1945 1089 1978 et
1111 1938 1265 1978 eadem
1288 1937 1395 1978 scita
1417 1938 1473 1978 ab
1495 1937 1696 1979 omnibus
1720 1939 1793 1991 qui

278 2005 419 2045 sciunt
450 2019 562 2057 eam,
582 2006 693 2047 sicut
725 2005 927 2047 Socrates
960 2020 1070 2046 unus
1102 2013 1145 2048 et
1168 2007 1283 2047 idem
1317 2012 1382 2046 est
1413 2006 1511 2047 licet
1540 2006 1794 2060 intelligitur

278 2088 302 2113 a
335 2074 495 2115 multis
558 2073 635 2115 Set
667 2075 836 2115 videtur
868 2074 997 2115 michi
1033 2076 1167 2116 modo
1200 2076 1318 2128 quod
1355 2075 1470 2115 istud
1507 2089 1592 2116 non
1624 2075 1792 2116 sufficit.

280 2144 395 2183 Nam
424 2143 457 2183 si
491 2143 772 2196 intelligibile,
794 2145 913 2196 quod
945 2157 1032 2184 non
1066 2151 1130 2184 est
1161 2144 1360 2193 sciencia,
1387 2144 1545 2185 habeat
1577 2144 1618 2183 in
1650 2144 1795 2185 anima

281 2211 477 2251 habitum
502 2213 765 2264 cognitivum
786 2213 921 2253 alium
945 2227 969 2253 a
992 2226 1049 2260 se,
1067 2212 1240 2260 scilicet,
1269 2212 1499 2254 scienciam
1516 2226 1602 2265 qua
1623 2213 1795 2263 sciatur,
1814 2230 1856 2260 30

280 2280 361 2321 hoc
398 2293 483 2321 non
523 2286 588 2321 est
629 2281 802 2329 mirum,
839 2281 974 2322 immo
1007 2294 1180 2322 necesse
1214 2288 1291 2322 est.
1354 2280 1430 2322 Set
1461 2281 1578 2334 quod
1610 2281 1794 2322 sciencia

279 2348 440 2390 habeat
461 2349 690 2390 scienciam
718 2349 847 2389 aliam
880 2362 966 2389 non
998 2349 1170 2390 videtur
1191 2357 1316 2399 stare,
1338 2349 1440 2402 quia
1468 2356 1572 2390 tunc
1592 2349 1722 2390 iretur
1752 2349 1793 2389 in

280 2416 524 2468 infinitum;
556 2432 641 2471 qua
682 2419 850 2459 racione
889 2418 1004 2458 enim
1042 2432 1127 2458 una
1170 2418 1302 2459 habet
1341 2417 1485 2468 aliam,
1520 2423 1564 2458 et
1604 2417 1677 2458 illa
1712 2417 1794 2458 alia

280 2485 422 2534 aliam,
455 2492 498 2526 et
535 2486 594 2526 sic
629 2487 670 2526 in
708 2486 938 2528 infinitum.
1001 2486 1204 2528 Ceterum
1239 2487 1431 2536 sciencia,
1464 2492 1511 2527 ut
1544 2487 1793 2539 gramatica,

282 2553 432 2607 logica,
455 2554 523 2595 vel
545 2567 800 2608 quecunque
822 2555 916 2602 alia,
939 2561 1004 2596 est
1036 2568 1121 2594 una
1143 2569 1209 2595 res
1231 2561 1273 2595 et
1298 2555 1524 2604 accidens;
1557 2561 1600 2595 et
1621 2568 1706 2595 non
1729 2561 1793 2596 est
1814 2573 1853 2605 35

279 2623 477 2662 accidens
499 2623 705 2676 corporis,
728 2637 843 2677 ergo,
865 2623 1000 2664 solius
1025 2623 1182 2663 anime.
1243 2622 1320 2664 Set
1348 2636 1476 2663 omne
1501 2623 1698 2664 accidens
1729 2629 1793 2664 est

280 2691 321 2729 in
350 2692 545 2743 subjecto
568 2705 646 2732 suo
679 2692 799 2744 cujus
828 2698 905 2739 est,
930 2706 1045 2745 ergo,
1069 2693 1102 2731 si
1135 2692 1317 2732 sciencia
1345 2692 1473 2745 priori
1503 2693 1633 2733 modo
1665 2692 1792 2741 dicta,

279 2771 363 2810 que
408 2765 473 2799 est
514 2759 688 2800 habitus
719 2761 963 2814 cognitivus
994 2767 1243 2801 numeretur
1279 2762 1517 2801 secundum
1548 2762 1715 2802 animas
1750 2761 1792 2801 in
