1877 3131
794 152 870 204 167

64 264 178 304 ‚sicut
200 268 398 315 punctus,
421 267 464 301 et
486 261 584 301 ideo
606 273 684 300 nec
706 273 922 310 numerus,
945 260 1053 300 sicut
1082 260 1352 312 magnitudo.
1416 257 1495 300 Set
1519 259 1596 298 hec

66 331 232 386 posicio
270 331 362 383 jam
410 329 632 369 destructa
669 336 734 369 est
779 328 1014 369 autoritate
1055 327 1321 377 Aristotelis,
1362 341 1450 380 qua
1491 327 1596 367 dicit

68 399 292 440 denarium
323 411 413 438 esse
442 397 588 449 specie
613 409 760 446 unum,
783 403 826 437 et
859 404 962 437 tunc
994 403 1107 437 esset
1138 396 1230 437 sola
1263 409 1348 436 una
1381 396 1523 435 unitas
1554 395 1595 434 in

19 495 21 515 ,
69 467 272 508 omnibus
305 467 460 515 rebus;
508 478 623 517 ergo,
656 478 808 505 omnes
839 479 905 505 res
932 472 1074 506 essent
1101 478 1184 505 une
1216 465 1369 504 eadem
1403 464 1594 511 unitate3

31 554 50 586 5
71 551 184 589 crgo,
198 549 284 576 non
298 533 500 575 different
520 547 714 575 numero.
768 534 827 574 Et
845 534 1013 582 iterum,
1029 540 1132 574 tunc
1154 547 1229 587 per
1245 533 1356 573 hanc
1376 533 1594 572 racionem

70 618 153 645 una
175 604 319 645 anima
342 609 454 643 esset
477 603 519 641 in
542 602 753 650 omnibus,
770 603 871 654 quia
894 603 1039 642 anima
1062 615 1146 642 non
1169 601 1301 642 habet
1317 600 1595 654 posicionem.

19 698 20 702 =
70 672 146 713 Set
167 673 245 712 hec
267 684 377 712 vana
399 677 497 711 sunt
520 677 562 710 et
585 670 703 710 falsa.

129 740 187 781 Et
216 741 326 790 ideo,
348 739 475 780 aliter
500 739 656 779 dicitur
679 739 819 791 magis
842 739 1137 791 probabiliter,
1159 739 1399 779 secundum
1429 737 1599 790 aliquos

69 811 174 851 satis
197 809 398 857 famosos,
421 808 538 859 quod
563 821 765 848 numerus
794 813 860 848 est
891 808 1006 848 idem
1040 821 1220 848 numero
1249 807 1362 848 alico
1392 807 1525 847 modo
1556 805 1597 845 in

32 878 261 927 odiversis,
298 884 363 917 set
405 890 491 917 non
529 877 639 916 sicut
671 876 894 928 quantitas
930 876 1115 916 discreta
1151 882 1505 923 numeratorum3
1539 874 1598 913 sic

69 947 182 987 enim
201 945 512 986 diversificatur
529 945 767 985 secundum
783 945 1076 985 diversitatem
1092 958 1254 994 eorum,
1272 950 1338 985 set
1359 944 1597 985 secundum

70 1017 188 1069 quod
210 1021 273 1055 est
297 1026 496 1054 mensura
518 1026 680 1054 eorum.
738 1013 862 1053 Idem
882 1014 995 1053 enim
1015 1013 1215 1054 denarius
1230 1026 1316 1054 non
1331 1018 1598 1060 numeratus,

70 1097 155 1124 non
198 1088 342 1135 potest
384 1095 475 1122 esse
517 1082 786 1122 diversorum
829 1087 1169 1132 numeratorum,
1211 1087 1276 1121 set
1318 1087 1464 1133 potest
1504 1093 1598 1119 esse

69 1153 222 1192 eadem
248 1164 474 1191 mensura:
508 1151 707 1190 denarius
732 1150 846 1190 enim
871 1163 956 1189 non
981 1156 1200 1190 mensurat
1223 1150 1302 1189 hec
1323 1150 1474 1189 decem
1497 1147 1597 1200 quia

32 1237 48 1268 5
71 1221 161 1271 hec,
194 1226 258 1260 set
291 1219 393 1272 quia
428 1219 470 1258 in
506 1218 587 1258 hiis
622 1224 687 1258 est
723 1231 856 1258 unum
898 1219 1063 1258 tociens
1106 1218 1376 1272 replicatum,
1410 1224 1452 1257 et
1489 1217 1596 1257 illud

71 1288 280 1342 reperitur
298 1287 339 1327 in
361 1286 564 1326 omnibus
586 1286 750 1326 decem.
814 1285 930 1338 Quia
947 1300 1051 1338 ergo
1079 1285 1083 1339 Ι
1112 1287 1258 1326 omnia
1275 1286 1598 1327 communicant
1618 1291 1656 1324 47
1675 1295 1693 1314 ss
1714 1293 1740 1315 1-

71 1370 202 1396 unam
225 1361 440 1405 naturam,
455 1368 531 1407 per
553 1368 683 1407 quam
710 1361 1015 1395 mensurantur
1037 1368 1061 1394 a
1083 1355 1273 1404 denario,
1290 1360 1520 1408 propterea
1543 1355 1598 1394 ab

71 1438 156 1466 uno
179 1424 356 1464 denario
379 1429 560 1477 possunt
577 1424 724 1463 omnia
749 1424 995 1464 mensurari.
1061 1422 1139 1464 Set
1156 1423 1259 1463 illud
1276 1423 1403 1463 nimis
1419 1423 1600 1463 obscure

71 1494 233 1533 dictum
258 1498 331 1532 est.
409 1491 469 1532 Et
492 1492 603 1540 ideo,
622 1498 797 1544 oportet
814 1492 897 1533 dici
920 1493 1038 1544 quod
1062 1505 1267 1531 numerus
1289 1498 1354 1531 est
1386 1492 1596 1539 accidens,

19 1579 51 1601 ιο
71 1568 112 1602 6ῖ
139 1574 341 1601 numerus
371 1567 435 1600 est
468 1573 678 1601 mensura.
758 1560 1018 1613 Inpossibile
1045 1568 1193 1601 autem
1226 1565 1302 1608 est,
1325 1561 1443 1612 quod
1474 1560 1514 1599 in
1548 1573 1599 1599 eo

69 1630 187 1681 quod
221 1635 284 1669 est
321 1629 534 1678 accidens,
555 1628 671 1681 quod
707 1642 839 1668 unum
878 1629 931 1668 sit
960 1629 1158 1669 accidens
1191 1628 1392 1681 plurium,
1417 1635 1462 1669 ut
1490 1641 1599 1667 unus

70 1697 268 1737 denarius
310 1697 497 1750 plurium
544 1697 708 1747 decern,
750 1697 861 1738 sicut
904 1698 1055 1737 decem
1098 1697 1326 1738 hominum
1369 1704 1411 1737 et
1448 1696 1599 1736 decem

69 1779 290 1818 equorum,
331 1771 397 1806 set
438 1765 554 1805 idem
604 1777 811 1805 numerus
862 1778 1053 1812 numero,
1096 1773 1142 1805 ut
1195 1765 1397 1806 denarius
1448 1765 1600 1805 decem

70 1835 294 1874 hominum
336 1839 483 1887 potest
525 1846 616 1874 esse
659 1847 860 1874 mensura
902 1835 1055 1874 eadem
1093 1834 1244 1874 decem
1286 1833 1515 1874 hominum
1559 1839 1601 1872 et

33 1920 49 1951 5
70 1904 221 1943 decern
262 1916 418 1943 canum
465 1908 508 1942 et
550 1902 701 1942 decem
753 1915 975 1954 equorum,
1017 1903 1126 1943 sicut
1173 1902 1326 1942 eadem
1372 1901 1602 1953 longitudo

70 1971 168 2011 ulne
196 1970 201 2025 Ι
228 1977 292 2011 est
320 1971 460 2011 solum
494 1971 692 2011 accidens
725 1970 825 2010 ulne
856 1978 898 2010 et
931 1983 1017 2011 non
1047 1970 1234 2023 plurium
1268 1984 1422 2021 rerum,
1451 1976 1517 2010 set
1545 1969 1599 2009 ad
1622 1972 1658 2003 F·
1678 1983 1719 2013 99
1737 1983 1753 2002 a
1775 1981 1802 2002 ³·

71 2039 389 2093 longitudinem
416 2040 544 2079 unius
568 2039 669 2079 ulne
687 2045 869 2090 possunt
886 2038 1111 2079 certificari
1126 2045 1168 2079 et
1185 2039 1423 2079 mensurari
1437 2038 1602 2078 infinite

71 2108 380 2162 longitudines,
416 2114 491 2147 aut
525 2120 785 2160 pannorum,
822 2114 898 2148 aut
934 2106 1166 2160 lignorum,
1198 2114 1240 2148 et
1272 2107 1351 2156 vie,
1383 2113 1425 2147 et
1460 2107 1602 2158 cujus-

70 2178 175 2217 libet
191 2176 512 2228 magnitudinis,
530 2182 573 2216 et
590 2175 647 2215 sic
663 2176 717 2215 ad
737 2175 1042 2215 certitudinem
1059 2189 1256 2216 mensure
1272 2176 1433 2216 denarii
1452 2177 1600 2216 decem

31 2262 51 2284 0
71 2245 311 2295 hominum,
344 2250 489 2298 potest
523 2244 675 2284 eadem
709 2243 925 2284 certitudo
961 2257 1158 2284 mensure
1191 2244 1340 2285 haberi
1376 2244 1417 2285 in
1450 2245 1600 2284 decem

69 2313 247 2353 canibus
270 2319 312 2353 et
333 2313 453 2365 equis
475 2326 550 2366 per
566 2312 795 2352 denarium
823 2312 1021 2361 hominis,
1046 2313 1078 2352 si
1103 2318 1378 2365 comparetur
1398 2313 1453 2352 ad
1487 2326 1597 2352 eum.

73 2381 320 2421 Dicendum
342 2388 407 2422 est
430 2381 570 2433 igitur,
592 2381 711 2433 quod
740 2393 958 2430 numerus,
982 2381 1022 2419 in
1052 2387 1263 2432 quantum
1293 2387 1357 2421 est
1389 2381 1602 2426 accidens,

71 2457 134 2490 est
157 2450 347 2490 diversus
370 2450 411 2488 in
438 2450 592 2501 specie,
614 2455 657 2489 et
680 2449 760 2488 hoc
783 2449 911 2489 docet
943 2448 1206 2489 Aristoteles
1236 2449 1278 2488 in
1305 2449 1390 2490 fine
1413 2449 1600 2503 capituli,

72 2525 134 2559 set
177 2519 218 2558 in
255 2525 469 2570 quantum
505 2524 571 2558 est
601 2531 814 2566 mensura,
850 2517 909 2557 sic
936 2523 1080 2570 potest
1112 2530 1205 2557 esse
1237 2519 1388 2559 eadem
1421 2531 1603 2558 numero

36 2602 52 2633 5
73 2588 114 2626 in
143 2587 313 2628 racione
345 2600 546 2627 mensure
578 2594 774 2639 respectu
808 2585 1024 2639 plurium3
1065 2592 1107 2626 et
1141 2586 1401 2627 Aristoteles
1434 2586 1475 2626 in
1508 2600 1602 2639 pre--

118 2730 135 2748 2
161 2719 228 2759 est]
246 2729 289 2749 ex
306 2718 340 2749 D
431 2728 447 2756 7
472 2719 533 2749 hec
550 2718 652 2759 vana]
670 2719 817 2749 humana
834 2719 867 2748 F
959 2720 979 2749 8
1005 2718 1046 2749 Et
1065 2718 1159 2759 ideo]
1178 2718 1303 2749 Iterum
1321 2719 1356 2749 D
1452 2729 1473 2758 9
1496 2719 1603 2759 quod]

75 2771 152 2809 quia
168 2770 201 2800 F
321 2780 359 2801 21
388 2770 506 2810 unum]
525 2780 610 2801 unus
627 2770 661 2800 D
786 2781 827 2800 22
852 2771 968 2801 decern
987 2771 1073 2801 sicut
1091 2781 1155 2802 om.
1175 2770 1210 2800 D
1335 2772 1376 2801 26
1398 2770 1466 2810 set]
1485 2770 1559 2809 quia
1577 2770 1610 2800 F

77 2832 118 2861 30
141 2821 273 2862 haberi]
291 2822 415 2852 habere
433 2821 467 2851 D
584 2831 626 2861 35
652 2822 802 2862 racione]
822 2823 887 2853 fine
905 2822 939 2852 D
1027 2822 1201 2862 mensure]
1220 2832 1414 2853 mensurare
1431 2822 1464 2852 F
