1877 3131
40 412 76 443 F.
97 421 135 454 97
154 422 173 442 a
192 420 219 443 1.

96 2205 219 2235 42:12.

962 170 1040 211 150

239 279 434 313 centrum
470 278 513 313 et
545 271 954 321 circumferenciam,
986 284 1071 312 non
1105 276 1251 324 potest
1282 283 1376 312 esse
1409 270 1638 319 infinitum,
1669 270 1770 312 licet

238 341 321 381 hoc
343 346 582 395 posuerunt
603 341 736 394 aliqui
758 342 938 394 antiqui,
959 347 1002 382 et
1025 340 1106 380 hoc
1131 339 1309 380 diversis
1332 339 1484 380 modis.
1547 338 1626 380 Set
1648 345 1771 392 patet

239 422 388 450 eorum
420 409 608 450 stulticia
630 415 678 450 ut
700 422 786 449 non
810 408 1015 463 indilgeat
1047 407 1373 461 reprobacione.
1438 408 1600 449 Utrum
1622 413 1768 448 autem

241 479 429 518 mundus
457 478 511 518 sit
541 477 700 527 finitus,
722 484 765 519 et
790 491 846 518 an
875 484 1001 519 extra
1027 477 1198 517 finitum
1226 477 1437 516 mundum
1467 477 1523 517 sit
1554 475 1769 517 infinitum

238 546 444 600 spacium,
479 553 521 587 et
555 559 610 587 an
645 552 789 588 motus
822 546 878 587 sit
911 545 1106 586 infinitus
1139 559 1164 586 a
1201 551 1325 597 parte
1362 550 1462 586 ante
1500 550 1543 585 et
1579 550 1692 597 post,
1728 552 1771 586 et
1793 563 1808 591 5

239 615 437 656 similiter
467 629 522 656 an
553 614 716 668 aliquid
749 615 908 656 habeat
939 615 1146 656 virtutem
1179 613 1420 663 infinitam3
1456 613 1549 661 hec,
1580 614 1770 666 inquam,

241 685 403 725 habent
437 684 574 724 bonas
607 690 650 724 et
683 684 921 724 racionales
953 683 1266 729 dubitacioneS‚
1298 689 1341 722 et
1375 682 1474 723 ideo
1511 683 1566 723 de
1598 680 1770 723 infinito

240 759 418 805 propter
448 752 530 791 hoc
567 752 800 792 dicendum
838 758 916 804 est,
953 753 1028 792 sed
1063 764 1149 792 non
1185 751 1266 801 hic,
1302 751 1378 791 sed
1417 751 1491 791 ubi
1531 750 1771 803 inquiretur

240 821 295 861 de
324 820 416 860 hiis.
480 819 660 873 Propter
691 820 785 869 hoc,
807 819 1096 860 differendum
1130 826 1194 859 est
1217 819 1337 871 loqui
1359 819 1414 859 de
1437 818 1608 859 infinito
1635 831 1771 871 usque

241 889 295 928 ad
331 888 426 929 loca
462 901 540 929 sua
574 889 762 942 propria,
796 895 861 929 set
898 894 1046 928 tamen
1082 887 1319 940 aliquando
1353 900 1429 940 per
1461 887 1660 927 accidens
1696 886 1770 928 fiet
1793 902 1831 923 10

242 957 411 997 mencio
445 957 500 997 de
537 955 715 997 infinito.
780 957 906 997 Patet
943 963 1104 1003 autern,
1138 969 1195 996 ex
1237 954 1570 996 diffinicionibus
1606 955 1770 996 mathe-

242 1026 400 1066 matice
425 1026 541 1077 prius
572 1026 713 1074 dictis,
735 1025 840 1078 quid
871 1033 935 1066 est
965 1024 1150 1073 finitum,
1171 1030 1215 1065 et
1236 1036 1321 1076 que
1350 1029 1450 1063 sunt
1477 1023 1610 1073 finita,
1632 1030 1675 1064 et
1697 1024 1768 1064 ubi

240 1092 314 1134 fiet
347 1094 528 1145 mencio,
554 1100 802 1147 exponetur
835 1095 888 1135 de
920 1108 972 1134 eo
1003 1100 1108 1134 tunc
1138 1098 1351 1145 quantum
1378 1091 1570 1132 sufficiet.
1635 1092 1694 1132 Et
1716 1091 1770 1132 de

239 1168 439 1214 tempore
481 1162 713 1203 dicendum
755 1168 832 1212 est,
874 1170 1109 1215 antequam
1156 1162 1211 1202 de
1253 1161 1349 1201 loco
1391 1167 1434 1202 et
1476 1173 1627 1210 vacuo,
1669 1160 1770 1214 quia

240 1236 413 1284 tempus
445 1231 582 1284 magis
604 1237 670 1271 est
696 1244 920 1271 annexum
956 1230 1109 1282 motui,
1130 1236 1174 1271 et
1206 1235 1352 1270 motus
1384 1235 1532 1282 potest
1563 1242 1656 1269 esse
1681 1229 1770 1269 sine
1795 1242 1829 1272 15

238 1298 334 1339 loco
365 1305 408 1339 et
441 1312 593 1350 vacuo,
620 1306 662 1340 et
689 1313 775 1340 non
804 1300 896 1340 sine
924 1306 1134 1352 tempore.
1195 1297 1459 1338 Aristoteles
1485 1303 1644 1347 autem,
1671 1311 1769 1350 pro-

237 1372 333 1418 pter
349 1367 528 1407 modum
546 1368 836 1420 prosequendi
852 1367 1095 1421 posiciones
1105 1365 1769 1419 philosophorum,tenuitalium

236 1435 450 1487 ordinem,
483 1442 548 1476 set
586 1437 688 1488 quia
726 1436 864 1476 multa
902 1435 1075 1476 fuerunt
1110 1434 1387 1475 racionabilia
1422 1434 1465 1474 in
1500 1434 1794 1487 temporibus-

239 1503 341 1553 suis,
369 1510 545 1556 propter
571 1505 845 1545 nobilitatem
876 1504 1161 1557 posicionum,
1193 1510 1236 1544 et
1266 1503 1536 1555 presenciam
1568 1509 1769 1543 autorum

238 1571 425 1622 illorum,
455 1577 498 1613 et
531 1573 665 1613 modo
697 1573 887 1613 absurda
919 1579 1049 1620 sunt3
1083 1572 1183 1613 ideo
1209 1585 1295 1612 non
1322 1577 1499 1624 oportet
1528 1584 1621 1620 nos,
1642 1584 1769 1624 quer·
1792 1584 1830 1605 20

239 1646 361 1680 entes
383 1641 539 1680 mentis
562 1641 844 1692 soliditatem,
865 1641 1025 1681 imitari
1047 1639 1334 1680 Aristotelem
1359 1639 1400 1679 in
1424 1639 1638 1689 omnibus,
1660 1640 1771 1680 sicut

239 1722 264 1748 a
286 1708 497 1761 principio
520 1708 647 1761 hujus
669 1708 902 1749 voluminis
925 1708 1152 1761 explicavi.

298 1776 574 1829 Aggrediens
607 1777 738 1829 igitur
767 1783 1002 1818 tractatum
1035 1776 1084 1816 de
1106 1782 1300 1828 tempore,
1323 1789 1497 1817 necesse
1526 1775 1661 1816 habet
1685 1776 1769 1815 dis-

240 1844 435 1896 tinguere
457 1857 608 1885 omnes
630 1846 787 1885 modos
808 1845 1068 1895 dmacionis,
1089 1844 1191 1897 quia
1213 1850 1387 1898 tempus
1409 1850 1474 1884 est
1501 1857 1586 1884 una
1606 1843 1770 1897 species

240 1926 540 1953 mensurarum
577 1913 847 1962 duracionis;
880 1919 923 1953 et
959 1913 1174 1966 opposita,
1200 1911 1331 1964 juxta
1361 1926 1406 1952 se
1443 1913 1599 1965 posita,
1631 1912 1770 1966 magis
1792 1930 1828 1960 25

237 1987 465 2033 apparent,
493 1981 592 2022 licet
619 1982 732 2022 enim
756 1983 895 2035 magis
918 1982 1105 2035 pertinet
1133 1982 1188 2022 ad
1217 1980 1582 2034 Methaphisicam
1613 1980 1770 2021 docere

238 2049 293 2088 de
316 2049 410 2089 istis
432 2050 572 2089 modis
600 2063 912 2099 mensurarum,
932 2056 1080 2090 tamen
1103 2062 1188 2090 non
1211 2055 1359 2102 potest
1391 2055 1565 2101 tempus
1587 2047 1769 2102 intelligi

239 2117 331 2157 sine
367 2116 476 2163 aliis,
510 2124 558 2158 ut
596 2124 781 2171 oportet.
842 2118 1006 2158 Verum
1045 2118 1160 2157 enim
1198 2124 1263 2157 est
1299 2117 1426 2157 simul
1464 2117 1619 2165 dicere,
1650 2117 1769 2170 quod

239 2198 367 2225 causa
395 2185 535 2238 prima
566 2192 643 2236 est,
672 2186 676 2239 Ι
703 2192 746 2227 et
779 2186 1072 2239 intelligencia
1099 2192 1175 2233 est,
1198 2193 1241 2227 et
1273 2186 1414 2226 celum
1446 2191 1525 2236 est,
1546 2191 1590 2226 et
1621 2186 1770 2226 omnia

238 2253 544 2305 permanencia
575 2260 690 2303 sunt,
723 2260 766 2295 et
798 2255 915 2307 quod
955 2262 1101 2295 motus
1132 2260 1224 2304 est;
1270 2261 1337 2295 set
1376 2261 1526 2294 tamen
1567 2266 1769 2294 mensura
1788 2269 1828 2299 30

238 2321 482 2361 duracionis
508 2334 636 2362 cause
668 2322 804 2374 prime
832 2336 917 2363 non
945 2329 1009 2363 est
1032 2330 1218 2376 temp11S‚
1240 2329 1307 2363 set
1334 2322 1542 2363 eternitas
1567 2322 1767 2369 increata,

238 2402 322 2440 que
365 2395 430 2429 est
473 2389 805 2430 interminabilis
841 2392 929 2432 vite
968 2392 1184 2443 possessio
1221 2397 1314 2431 tota
1347 2389 1490 2438 simul,
1527 2391 1765 2431 secundum
1874 2396 1877 2426 ⁴,

240 2457 458 2505 Boecium,
484 2458 636 2510 quinto
662 2458 729 2498 De
751 2458 1056 2511 consolacione,
1084 2465 1127 2500 et
1150 2466 1215 2500 est
1241 2457 1575 2498 interminabilis
1596 2471 1622 2498 a
1644 2465 1768 2511 parte
1876 2441 1877 2458 ἵ

238 2531 351 2573 ante,
374 2525 485 2565 sicut
507 2539 531 2565 a
555 2534 679 2578 parte
702 2534 812 2579 post,
834 2528 936 2580 quia
958 2529 1049 2568 sine
1071 2528 1285 2580 principio
1308 2532 1351 2567 et
1373 2526 1464 2567 sine
1487 2526 1580 2567 fine.
1656 2526 1767 2567 Esse

279 2642 320 2670 33
344 2632 538 2673 Boecium]
558 2633 608 2663 De
624 2633 720 2664 Cous.
742 2634 761 2664 1.
781 2644 813 2673 v,
832 2645 880 2673 pr.
899 2635 928 2665 6.
1869 2624 1877 2678 i

278 2733 297 2760 3
321 2722 485 2762 indigeat]
499 2724 629 2762 indiget
641 2723 676 2754 D
764 2734 784 2763 5
808 2724 975 2764 infinitus]
992 2724 1142 2754 infinitus
1156 2723 1338 2754 duracione
1351 2723 1414 2753 FD
1505 2732 1542 2761 15
1560 2721 1681 2763 motui]
1695 2722 1725 2753 ei
1737 2721 1771 2753 F

239 2783 274 2812 17
301 2774 545 2815 prosequendi]
564 2775 764 2814 insequendi
782 2774 817 2804 D
906 2774 1202 2815 philosophorum]
1220 2774 1422 2814 phisicorum
1436 2772 1471 2803 D
1560 2783 1597 2803 21
1625 2773 1765 2814 mentis]

235 2825 387 2856 veritatis
400 2825 464 2856 FD
552 2828 593 2857 26
615 2826 798 2867 apparent]
816 2837 984 2866 apparens
998 2826 1031 2856 D
1122 2825 1421 2866 Methaphisicam]
1438 2825 1720 2865 methaphisicum
1731 2825 1766 2855 D
