1877 3131
47 281 215 322 F.96b1.

98 2072 220 2101 41³1-

964 157 1042 206 146

236 271 468 312 dicendum
483 270 602 324 quod
615 268 999 311 denominaciones
1017 266 1020 322 1
1041 268 1150 309 fiunt
1166 268 1476 322 multipliciter.
1507 267 1767 322 Aliquando

236 341 350 380 enim
369 346 434 380 est
452 339 638 393 propria,
653 345 697 379 et
713 344 815 378 tunc
834 337 882 378 fit
900 351 976 390 per
996 337 1292 378 inherenciam
1311 337 1637 378 denominantis
1653 337 1698 377 in
1715 351 1767 378 eo

235 409 352 461 quod
384 407 700 455 denominatur,
724 413 770 446 ut
803 406 858 447 ab
891 405 1093 446 albedine
1124 405 1287 455 album,
1321 420 1347 447 a
1377 405 1568 447 sanitate
1598 418 1767 455 sanum,

237 477 457 530 loquendo
492 476 546 516 de
580 488 688 515 sano
719 474 837 528 quod
873 481 938 514 est
972 473 1167 523 animal;
1200 473 1435 527 aliquando
1467 487 1571 514 vero
1600 487 1689 514 non
1720 473 1769 513 fit

238 559 314 599 per
345 545 649 593 inherenciam,
674 551 740 584 set
767 542 913 584 multis
944 543 1085 582 modis
1116 542 1223 593 aliis,
1256 548 1303 583 ut
1331 543 1537 593 effective,
1566 542 1634 584 vel
1667 556 1768 583 con-
1789 558 1807 590 5

238 615 462 663 servative,
496 613 564 653 vel
601 612 894 666 significative,
930 611 998 651 vel
1037 624 1113 664 per
1150 612 1558 662 concomitanciam,
1596 617 1641 653 et
1676 611 1770 652 aliis

238 683 384 723 multis
421 682 571 731 modis,
607 682 727 722 verbi
764 681 920 733 gracia,
960 680 1002 720 in
1037 693 1156 730 sano,
1193 694 1294 722 nam
1329 694 1482 722 sanum
1515 681 1559 721 in
1590 679 1770 722 animali

236 752 394 792 dicitur
424 764 500 804 per
532 750 826 791 inherenciam
857 763 986 790 causa
1017 750 1217 790 sanitatis
1250 750 1292 790 in
1327 764 1390 800 eo,
1414 763 1568 791 sanum
1590 762 1695 790 vero
1727 749 1770 789 in

238 821 455 861 medicina
477 820 672 860 laxativa
694 833 770 872 per
787 819 1081 868 efficienciam,
1097 820 1198 873 quia
1220 819 1323 860 facit
1346 820 1581 860 sanitatem
1604 819 1647 859 in
1669 817 1768 867 alio,

236 902 389 931 sanum
422 889 464 928 in
496 889 611 928 dieta
644 888 744 940 quia
775 894 1003 928 conservat
1035 888 1268 928 sanitatem
1301 888 1513 937 animalis,
1540 900 1694 928 sanum
1727 887 1769 927 in
1794 900 1834 922 10

236 959 359 998 urina
400 958 502 1010 quia
536 956 753 1010 significat
796 956 1029 997 sanitatem
1066 957 1295 1007 animalis;
1341 963 1385 998 et
1422 957 1464 996 in
1499 957 1592 997 istis
1633 956 1772 997 tribus

238 1027 378 1067 modis
411 1039 498 1066 non
531 1033 595 1066 est
625 1026 788 1066 sanitas
817 1027 858 1066 in
892 1039 1000 1067 sano
1026 1027 1264 1066 secundum
1297 1026 1604 1075 inherenciam,
1627 1031 1693 1066 set
1725 1032 1771 1065 ut

237 1096 400 1136 dictum
434 1102 511 1136 est.

296 1164 507 1205 Similiter
552 1163 708 1204 dicitur
753 1169 927 1218 tempus
980 1178 1109 1206 causa
1161 1164 1466 1218 corrupcionis,
1517 1163 1620 1217 quia
1670 1174 1772 1204 con-

238 1233 472 1274 comitatur
513 1245 687 1273 causam
735 1232 840 1285 ejus,
884 1232 1059 1283 scilicet,
1103 1241 1287 1283 motum,
1327 1234 1429 1287 quia
1470 1239 1617 1273 motus
1669 1230 1772 1272 facit
1796 1242 1834 1274 15

239 1301 595 1355 corrupcionem;
638 1300 739 1342 facit
771 1302 885 1342 enim
920 1302 962 1342 id
997 1303 1117 1355 quod
1150 1309 1215 1343 est
1245 1303 1408 1343 distare
1440 1316 1465 1343 a
1504 1307 1661 1342 natura
1694 1313 1772 1341 sua

238 1371 398 1422 debita,
420 1377 467 1411 ut
490 1376 635 1411 motus
658 1370 964 1423 corrupcionis.
1032 1371 1204 1413 Dicitur
1227 1372 1365 1413 eciam
1387 1377 1563 1423 tempus
1585 1369 1771 1424 pigrum,

237 1440 340 1492 quia
380 1439 698 1480 concomitatur
733 1439 1071 1492 disposicionem
1108 1440 1216 1481 aeris
1260 1453 1345 1492 que
1389 1440 1532 1481 reddit
1572 1437 1773 1479 homines

238 1508 395 1562 pigros
473 1507 586 1547 Dico
628 1507 770 1560 igitur,
805 1509 925 1560 quod
967 1522 1067 1550 cum
1109 1508 1269 1550 dicitur
1312 1521 1445 1561 agens
1486 1508 1542 1549 ab
1585 1507 1771 1553 accione,

237 1577 393 1617 dicitur
434 1575 643 1625 effective,
686 1577 726 1616 id
771 1583 847 1625 est,
891 1577 994 1629 quia
1035 1577 1137 1617 facit
1173 1577 1397 1617 accionem
1443 1577 1486 1616 in
1527 1575 1624 1625 alio,
1663 1574 1773 1615 sicut
1796 1591 1836 1613 20

239 1645 449 1685 medicina
483 1644 641 1685 dicitur
672 1658 777 1684 sana
815 1645 1023 1694 effective,
1057 1646 1160 1698 quia
1195 1646 1296 1686 facit
1334 1646 1376 1685 in
1408 1645 1496 1686 alio
1527 1645 1774 1686 sanitatem.

239 1713 285 1754 Si
322 1714 490 1754 dicatur
527 1713 646 1765 quod
681 1720 825 1754 motus
855 1720 1109 1755 numeratur
1138 1714 1195 1755 ab
1228 1720 1400 1768 agente,
1432 1720 1475 1755 et
1507 1712 1775 1754 Aristoteles

236 1782 351 1831 dicit,
389 1782 543 1834 quinto
575 1780 862 1831 sz‘sicornm,
899 1782 1018 1835 quod
1058 1788 1202 1823 motus
1239 1789 1492 1823 numeratur
1533 1782 1774 1823 secundum

239 1863 467 1891 numerum
509 1849 706 1903 subjecti,
754 1852 925 1903 speciei,
967 1857 1010 1892 et
1051 1851 1275 1905 temporiS,
1319 1857 1362 1891 et
1403 1851 1592 1892 termini.
1654 1850 1772 1890 Nam

239 1925 382 1959 motus
413 1924 664 1959 numeratur
696 1918 890 1972 pluribus
924 1920 1078 1969 modis,
1112 1920 1153 1960 id
1187 1926 1263 1969 est,
1297 1919 1508 1972 subjecto,
1541 1919 1698 1972 specie,
1732 1923 1775 1958 et
1797 1932 1835 1963 25

239 1994 446 2041 tempore,
483 1987 683 2037 termino,
726 1994 769 2028 et
815 1994 985 2041 agente.
1068 1987 1288 2037 Similiter,
1332 2001 1419 2028 non
1464 1988 1613 2028 obstat
1653 1987 1773 2040 quod

241 2069 387 2095 cursus
412 2055 467 2095 sit
490 2055 533 2094 in
555 2062 764 2105 currente,
789 2058 890 2110 quia
923 2071 1098 2098 currens
1123 2057 1332 2098 dividitur
1360 2056 1364 2111 Ι
1392 2057 1436 2097 in
1458 2057 1559 2106 duo,
1585 2067 1772 2109 quorum

241 2137 373 2163 unum
407 2129 471 2162 est
500 2135 633 2176 agens
659 2138 734 2177 per
761 2139 818 2171 se,
850 2132 897 2166 ut
923 2126 1082 2175 anima,
1106 2132 1151 2166 et
1178 2124 1295 2166 aliud
1318 2139 1395 2179 per
1426 2138 1472 2165 se
1504 2125 1692 2179 paciens,
1725 2129 1774 2164 ut

241 2204 407 2244 corpus,
431 2198 473 2231 et
495 2205 666 2232 currens
688 2194 1019 2247 comprehendit
1049 2201 1298 2247 utrumque,
1359 2193 1618 2247 Aliquando
1639 2204 1773 2246 agens

242 2272 328 2299 non
359 2259 563 2300 coincidit
604 2273 703 2300 cum
746 2262 953 2314 subjecto,
991 2269 1039 2304 ut
1077 2263 1328 2316 percuciens
1370 2262 1548 2315 quando
1587 2260 1775 2315 percutit
1795 2273 1838 2304 30

242 2327 388 2376 alium,
423 2333 466 2367 et
500 2328 534 2366 si
569 2328 757 2381 seipsum
793 2331 1025 2383 percuciat,
1049 2338 1198 2372 tamen
1233 2344 1387 2371 manus
1423 2330 1674 2384 percuciens
1710 2335 1776 2370 est

244 2395 361 2436 aliud
396 2409 421 2435 a
459 2395 627 2448 reliqua
662 2404 785 2450 parte
820 2413 1036 2452 percussa,
1060 2406 1104 2441 et
1138 2408 1200 2441 est
1237 2399 1358 2440 accio
1380 2400 1423 2439 in
1445 2399 1643 2453 paciente
1664 2397 1775 2439 sicut

244 2464 398 2517 passio,
422 2471 465 2504 et
487 2470 606 2505 totus
629 2472 786 2507 motus.

289 2604 330 2633 23
355 2596 606 2636 Phisicorum]
626 2608 655 2627 v.
673 2607 792 2636 31—35.

291 2721 310 2749 3
334 2712 438 2752 quod]
468 2719 503 2744 ut
531 2714 565 2743 D
763 2724 781 2753 5
807 2715 1061 2756 conservative]
1091 2716 1357 2747 conservacione
1384 2715 1437 2747 F:
1471 2715 1715 2755 congregative
1742 2715 1778 2745 D

252 2773 285 2792 11
314 2763 481 2804 animalis]
498 2765 698 2796 animalibus
717 2766 747 2795 F
906 2768 943 2797 16
966 2768 1042 2808 sua]
1062 2777 1122 2798 sua
1138 2768 1273 2807 propria
1290 2768 1323 2798 F
1473 2768 1511 2798 18
1535 2767 1628 2808 quia]
1646 2767 1737 2806 quod
1752 2767 1786 2798 F

250 2824 286 2843 21
316 2814 437 2845 dicitur
451 2816 548 2856 sana]
567 2822 663 2847 sanat
682 2817 714 2846 F
