1898 3126
780 93 861 135 215

56 205 202 256 partes
230 197 450 252 pacientis,
473 203 548 236 aut
580 202 753 249 oportet
785 196 903 248 quod
937 197 978 235 in
1010 197 1128 248 poris
1157 195 1304 235 vacuis
1334 194 1578 247 recipiatur.

61 270 119 309 Et
141 272 271 315 certe,
294 279 381 306 non
404 271 505 305 sunt
527 265 656 317 longe
686 265 743 304 ab
772 263 853 303 hac
885 264 1103 304 sentencia
1127 263 1186 302 illi
1210 263 1282 315 qui
1307 261 1476 315 fingunt
1499 261 1580 300 for-

59 348 174 378 mam
197 334 300 376 solis
322 333 608 386 multiplicare
630 345 756 372 suam
781 332 1023 377 materiam,
1046 338 1092 372 ut
1116 331 1191 371 fiat
1214 331 1268 371 ad
1291 329 1515 383 corporale
1539 329 1579 368 in

61 404 216 452 medio,
237 402 410 451 scilicet,
433 402 488 441 de
510 400 878 454 multiplicacione
900 400 1135 448 radiorum,
1159 399 1214 439 de
1243 412 1330 451 qua
1361 397 1585 450 posicione

20 474 178 526 5prius
219 471 460 511 discussum
502 475 579 511 est,
645 469 740 509 Nec
782 469 990 517 similiter,
1026 475 1091 509 est
1126 467 1282 520 vulgus
1319 465 1582 506 naturalium

62 543 190 593 longe
211 539 382 587 abhoc,
405 538 611 591 quoniam
636 544 805 589 ponunt
827 539 946 589 quod
975 537 1138 590 aliquid
1169 543 1298 577 exeat
1327 536 1383 576 ab
1415 540 1583 588 agente,

62 616 105 650 et
141 607 217 648 fiat
251 607 293 647 in
330 607 519 660 paciens.
583 605 660 646 Set
702 605 781 645 hec
828 607 1047 646 destructa
1081 610 1180 646 sunt
1222 605 1339 658 prius
1375 610 1586 654 tanquam

63 676 241 718 omnino
263 687 453 722 erronea,
476 673 651 722 scilicet,
674 674 716 713 in
738 674 879 726 prima
909 680 1033 726 parte
1061 673 1190 725 hujus
1213 672 1306 712 libri
1331 672 1374 711 in
1396 676 1585 711 tractatu

62 745 111 785 dc
142 742 347 796 speciebus
378 748 558 796 propter
599 742 718 795 quod
754 742 989 782 dicendum
1022 748 1101 789 est,
1136 742 1254 794 quod
1294 753 1379 779 non
1414 743 1587 792 oportet

10 829 48 852 10
65 825 224 866 ponere
257 824 388 864 poros
423 823 584 851 vacuos
620 816 799 863 propter
830 810 1052 851 accionem
1090 809 1346 857 naturalem,
1381 806 1588 860 quoniam

65 880 195 921 nichil
223 879 315 919 exit
337 879 393 919 ab
424 885 595 932 agente,
617 884 664 918 ut
696 879 862 919 dictum
892 885 970 929 est,
993 891 1071 919 nec
1099 878 1262 930 aliquid
1286 876 1520 917 inmittitur
1543 875 1586 913 in

66 950 206 1002 ipsum
235 947 421 1001 paciens,
444 955 486 987 et
513 948 612 987 ideo
640 960 718 986 nec
744 953 917 1000 oportet
949 948 1068 999 quod
1100 947 1193 1000 pori
1227 945 1313 986 sint
1345 946 1387 985 in
1419 957 1485 994 eo,
1508 955 1588 984 nec

66 1016 180 1070 quod
223 1015 359 1056 latera
400 1015 492 1068 ejus
532 1015 791 1064 dividantur,
833 1028 912 1055 nec
953 1016 1071 1067 quod
1116 1016 1239 1069 plura
1279 1027 1463 1068 corpora
1504 1013 1590 1053 sint

68 1084 205 1125 simul.
270 1083 347 1123 Set
376 1083 578 1135 ponimus
605 1083 825 1124 accionem
849 1084 1091 1124 naturalem
1115 1098 1190 1137 per
1211 1089 1462 1125 contactum
1487 1080 1589 1121 sub-

14 1168 50 1199 15
68 1152 230 1193 stancie
262 1151 400 1192 active
432 1151 567 1203 ipsius
598 1151 782 1203 agentis,
805 1164 904 1192 cum
936 1153 1051 1192 enim
1083 1159 1270 1206 tangunt
1302 1165 1361 1200 se,
1385 1158 1427 1192 et
1455 1161 1590 1189 unum

69 1226 218 1261 natum
241 1226 306 1260 est
328 1232 468 1272 agere,
490 1225 534 1259 et
555 1219 674 1259 aliud
698 1225 850 1260 natum
878 1226 942 1260 est
971 1221 1076 1272 pati,
1100 1220 1149 1261 fit
1175 1222 1294 1261 accio
1317 1227 1360 1260 et
1382 1217 1589 1260 alteracio

69 1288 207 1342 prime
246 1287 380 1340 partis
412 1287 634 1340 pacientis,
672 1300 757 1338 que
793 1288 989 1341 tangitur
1025 1289 1080 1329 ab
1113 1296 1282 1342 agente,
1315 1295 1357 1328 et
1389 1287 1462 1327 illa
1493 1298 1591 1326 cum

71 1356 252 1398 alterata
288 1355 355 1404 sit,
389 1362 432 1395 et
465 1355 600 1396 habet
631 1356 722 1408 jam
756 1355 941 1395 formam
979 1357 1149 1408 agentis
1180 1357 1419 1404 inductam,
1452 1359 1595 1407 potest

0 1414 1 1418 ¹
72 1424 253 1464 alterare
283 1429 452 1475 partem
485 1424 734 1471 secundam,
763 1430 805 1464 et
836 1423 897 1464 sic
929 1424 1123 1464 ulterius.
1186 1424 1282 1466 Hec
1311 1429 1376 1465 est
1406 1423 1566 1463 veritas
1593 1423 1598 1473 Ι

0 1488 56 1540 {20
73 1493 183 1532 circa
212 1493 435 1532 accionem
468 1491 741 1532 naturalem:
775 1506 853 1545 per
882 1492 997 1533 viam
1029 1492 1143 1532 enim
1176 1492 1449 1533 alteracionis
1482 1491 1530 1530 fit
1556 1496 1598 1530 et
1619 1493 1655 1524 61
1677 1495 1696 1525 b
1717 1503 1742 1524 2-

0 1545 3 1590 l
74 1574 160 1601 non
188 1573 265 1613 per
292 1560 566 1600 emissionem
605 1560 788 1614 alicujus
819 1561 875 1601 ab
906 1568 1076 1613 agente,
1098 1575 1177 1601 nec
1206 1575 1281 1615 per
1304 1560 1599 1601 immissionem

1 1592 4 1742 ι
75 1626 254 1679 alicujus
296 1627 338 1666 in
381 1626 569 1679 paciens.
646 1625 706 1667 Et
748 1627 852 1679 quia
891 1626 1049 1667 veritas
1091 1627 1277 1668 accionis
1311 1627 1497 1679 probata
1534 1632 1600 1665 est

76 1696 202 1748 prius,
227 1709 284 1735 ex
306 1708 393 1747 qua
414 1694 655 1735 destruitur
683 1695 890 1747 quicquid
913 1695 1069 1749 vulgus
1097 1696 1214 1743 dicit,
1237 1701 1280 1736 et
1302 1695 1508 1748 quicquid
1531 1693 1600 1734 alii

3 1762 5 1803 Ι
77 1763 244 1817 fingunt
267 1763 322 1803 de
344 1763 483 1803 forma
515 1762 832 1816 multiplicante
862 1777 985 1804 suam
1016 1764 1257 1814 materiam,
1280 1769 1322 1804 et
1348 1765 1516 1816 positus
1537 1768 1602 1803 est

21 1847 60 1878 25
80 1833 235 1873 modus
261 1845 338 1884 per
365 1844 495 1883 quem
521 1845 609 1872 non
633 1838 809 1884 oportet
832 1845 994 1885 ponere
1022 1846 1179 1873 vacuos
1202 1845 1344 1884 poros,
1367 1832 1503 1871 immo
1525 1844 1602 1883 per

4 1910 6 1948 3
79 1913 208 1953 quem
247 1901 507 1954 reprobatur
542 1900 621 1941 hec
655 1900 846 1954 posici03
890 1901 1000 1951 ideo,
1035 1899 1175 1941 solum
1211 1900 1488 1941 adiciendum
1527 1906 1604 1950 est,

6 2015 7 2030 χ
80 1969 196 2021 quod
219 1969 254 2010 si
283 1975 426 2009 essent
460 1969 590 2021 hujus
617 1969 737 2009 modi
769 1969 876 2022 pori,
899 1982 987 2009 non
1018 1975 1196 2022 propter
1226 1969 1309 2009 hoc
1341 1974 1454 2009 esset
1487 1967 1605 2008 accio

6 2033 7 2071 l
81 2050 159 2078 nec
190 2038 334 2091 passio
366 2038 603 2077 secundum
637 2037 907 2090 posicionem
941 2050 1101 2077 eorum.
1166 2037 1263 2077 Hec
1296 2037 1409 2077 enim
1442 2036 1606 2090 posicio

6 2076 9 2164 l
82 2105 263 2146 destruit
291 2118 336 2145 se
359 2105 513 2158 ipsam,
535 2117 638 2145 nam
671 2105 706 2143 si
728 2111 906 2158 propter
927 2105 1008 2145 hoc
1041 2105 1158 2158 quod
1190 2105 1352 2158 aliquid
1384 2104 1607 2158 corporale

7 2165 66 2228 βο
82 2173 346 2227 ingrediatur
367 2173 553 2225 pacienS,
572 2178 737 2225 ponant
759 2187 889 2226 poros
913 2174 955 2213 in
983 2173 1140 2225 quibus
1163 2173 1404 2226 recipiatur,
1429 2178 1608 2226 propter

8 2233 9 2294 l
83 2241 162 2282 hoc
184 2241 301 2295 quod
323 2241 366 2281 in
390 2241 579 2281 solidum
602 2254 686 2281 non
710 2247 872 2294 potest,
892 2254 945 2281 ne
971 2249 1115 2282 essent
1137 2242 1226 2282 duo
1256 2254 1442 2294 corpora
1465 2239 1607 2286 simul,

83 2315 184 2350 tunc
219 2310 457 2351 secundum
500 2310 618 2362 quod
656 2309 736 2362 ipsi
769 2310 940 2359 volunt,
977 2315 1091 2350 esset
1133 2310 1251 2350 accio
1294 2309 1336 2348 in
1371 2308 1455 2348 illis
1489 2308 1606 2361 poris

130 2463 169 2484 10
192 2455 237 2485 de
257 2454 469 2495 speciebus]
495 2465 526 2494 p.
550 2455 600 2484 18.

128 2595 148 2624 3
171 2584 231 2625 ad]
247 2585 379 2625 aliquod
396 2585 431 2615 D
573 2596 594 2625 9
618 2584 815 2626 dicendum]
832 2584 980 2615 breviter
995 2585 1176 2615 dicendum
1194 2583 1228 2614 D
1371 2594 1406 2613 11
1434 2587 1470 2613 ut
1486 2583 1611 2614 dictum

9 2639 13 2675 j
87 2635 155 2677 est]
172 2641 207 2667 ut
223 2637 316 2676 prius
332 2638 598 2668 demonstratum
616 2641 666 2667 est
682 2636 745 2666 FD
894 2645 932 2674 13
955 2635 1035 2676 nec]
1053 2640 1088 2666 ut
1103 2635 1145 2665 M
1249 2634 1408 2675 corpora]
1426 2633 1614 2674 corporalia

10 2687 13 2700 ¹
89 2686 123 2717 D
234 2689 273 2718 16
296 2687 348 2729 fit]
367 2689 409 2719 sit
426 2688 461 2718 D
578 2698 620 2718 20
642 2687 746 2728 circa]
764 2692 880 2718 contra
896 2686 929 2717 F
1041 2696 1082 2726 32
1106 2687 1290 2717 secundum
1308 2696 1373 2717 om.
1389 2685 1422 2715 F
1504 2684 1612 2725 esset]

88 2737 195 2770 solum
215 2739 310 2770 fieret
327 2739 370 2770 F:
396 2739 492 2770 fieret
509 2738 543 2769 D
