1898 3126
2 573 5 576 ·
0 497 7 550 Ἢ...
0 367 9 481 ,ᾱ-..-,-
0 271 10 348 ,Α-βμ
0 203 11 244 ,ἑὲ

818 95 894 135 227

86 195 133 241 >ei
156 213 333 254 presens
360 198 365 252 Ι
395 213 472 253 per
495 199 910 239 determinacionem
945 198 1039 245 loci,
1064 204 1110 238 ut
1142 211 1292 237 omnes
1322 202 1503 250 ponunt.
1568 196 1625 235 Et
1646 198 1685 240 65
1704 200 1725 231 b
1747 208 1773 230 1⁵

97 269 130 310 C
147 269 202 309 sit
217 268 399 309 tercium
419 267 680 307 indivisibile
703 267 745 306 in
768 267 926 319 spacio,
944 265 1363 319 propinquissimum
1384 266 1463 318 ipsi
1488 265 1522 304 Β
1542 277 1549 313 ;
1583 270 1626 304 εῖ

96 339 137 378 D
169 338 226 378 sit
256 343 463 390 quartum
492 336 922 376 immediatissimum
955 335 1035 388 ipsi
1070 334 1131 384 C;
1166 342 1209 375 et
1241 335 1301 375 sic
1335 335 1459 375 ultra.
1513 333 1626 374 Cum

95 407 226 459 igitur
246 405 427 460 angelus
449 404 687 445 secundum
706 405 789 445 hoc
804 417 890 443 non
912 409 1057 456 potest
1083 417 1176 444 esse
1199 416 1373 456 presens
1399 402 1477 442 nisi
1500 401 1626 441 alicui

59 495 75 524 5
97 474 346 515 indivisibili
371 472 467 523 soli,
489 480 530 513 et
553 486 631 526 per
653 473 1068 513 transmutacionem
1100 471 1174 512 fiet
1200 472 1257 511 ab
1279 485 1365 511 uno
1389 472 1431 510 in
1461 470 1560 521 alio,
1583 476 1626 509 et

38 837 75 858 10

37 1179 73 1209 15

39 1521 76 1542 20

37 2207 74 2236 30

95 543 275 596 angelus
298 542 463 582 nullum
488 541 749 582 indivisibile
779 541 943 582 omittit
970 541 1012 580 in
1042 554 1120 580 suo
1143 541 1340 587 transitu,
1363 553 1440 580 nec
1463 539 1625 591 aliquid

95 614 149 653 de
171 612 317 665 spacio
339 617 488 665 potest
517 611 719 651 omittere
749 611 791 650 in
818 616 959 650 totum
988 610 1061 662 qui
1088 616 1310 655 t1·anseat;
1345 607 1624 649 manifestum

96 688 173 731 est,
205 682 349 734 igitur,
378 680 497 733 quod
530 693 704 733 semper
737 678 1019 733 pertransibit
1052 678 1339 726 indivisibilia,
1373 679 1482 718 sicut
1515 691 1625 731 pun-

94 758 188 792 ctus
222 749 456 802 corporalis
488 749 717 797 transiret;
749 756 813 789 set
856 747 999 788 solum
1042 747 1122 788 erit
1163 746 1412 787 differencia
1450 746 1492 785 in
1525 747 1623 785 situ.

96 819 275 859 Presens
298 824 445 858 tamen
475 818 555 857 erit
585 817 766 870 angelus
797 816 972 857 cuilibet
1001 814 1249 856 indivisibili
1277 816 1387 855 sicut
1411 820 1624 866 punctus;

95 901 198 940 ergo
230 887 272 926 in
304 886 488 927 transitu
517 886 665 938 puncti
701 885 947 926 acciderent
985 885 1074 925 cluo
1110 883 1472 929 inconveniencia,
1505 883 1624 934 quod

95 957 321 996 minimum
344 955 538 1008 spacium
569 968 655 995 non
677 955 890 1003 transiret,
914 954 1018 1006 quia
1041 952 1211 993 infinita
1237 957 1338 992 sunt
1361 958 1522 1005 puncta
1552 950 1556 1005 Ι
1584 952 1626 990 in
1646 962 1685 992 F.
1709 960 1766 992 106
1785 962 1805 991 b
1825 969 1852 993 1.

94 1023 303 1077 quolibet,
324 1029 367 1063 et
399 1023 518 1076 quod
554 1023 777 1075 quantitas
810 1022 859 1063 fit
894 1036 951 1062 ex
983 1022 1183 1076 punctis;
1214 1022 1274 1060 sic
1312 1021 1393 1060 erit
1423 1020 1503 1060 hic.
1569 1020 1627 1059 Et

95 1093 227 1133 tercia
275 1092 390 1133 racio
433 1105 519 1132 non
563 1098 707 1145 potest
760 1091 987 1145 impediri3
1041 1091 1142 1143 quia
1183 1091 1288 1130 dum
1340 1095 1406 1130 est
1449 1101 1626 1141 presens

94 1161 174 1216 ipsi
208 1161 267 1212 A,
308 1161 517 1213 quiescit;
550 1167 592 1201 et
628 1161 732 1200 dum
770 1166 834 1199 est
877 1159 1073 1200 totaliter
1108 1171 1282 1211 presens
1319 1158 1399 1211 ipsi
1440 1157 1487 1204 B,
1533 1157 1625 1208 qui-

95 1231 229 1279 escit;
277 1236 319 1270 et
362 1243 449 1269 non
481 1235 627 1281 potest
664 1242 758 1269 esse
799 1229 1038 1269 secundum
1082 1233 1251 1280 partem
1285 1240 1416 1267 unam
1449 1238 1625 1278 presens

95 1299 151 1347 A,
184 1305 227 1339 et
259 1299 500 1340 secundum
533 1298 662 1338 aliam
696 1311 873 1350 presens
909 1297 990 1350 ipsi
1024 1296 1071 1343 Β,
1095 1297 1195 1349 quia
1228 1295 1502 1335 indivisibilis
1533 1300 1626 1342 est;

94 1375 135 1409 et
186 1380 359 1420 semper
409 1367 552 1408 locum
600 1366 906 1407 indivisibilem
959 1366 1141 1418 optinet.
1231 1365 1352 1417 Ergo
1403 1376 1626 1416 nunquam

98 1436 357 1477 movebitur.

154 1504 232 1546 Set
256 1504 557 1558 proculdubio,
580 1504 652 1544 ille
675 1505 868 1544 raciones
893 1516 976 1544 non
1008 1502 1148 1543 solum
1179 1502 1339 1543 tollunt
1363 1508 1531 1541 motum
1561 1507 1625 1541 set

96 1574 405 1622 mutacionem,
448 1573 482 1612 si
524 1573 704 1625 angelus
753 1572 914 1613 habeat
967 1572 1110 1612 locum
1154 1571 1489 1619 indivisibilem;
1522 1583 1621 1610 cum

96 1642 335 1683 secundum
362 1642 592 1682 veritatem
623 1641 734 1682 linea
757 1654 843 1681 non
873 1647 939 1681 est
963 1654 1019 1680 ex
1047 1640 1229 1693 punctis,
1252 1645 1318 1680 set
1340 1645 1406 1679 est
1429 1638 1623 1690 spacium

96 1718 309 1764 quantum
342 1717 384 1751 et
416 1710 633 1751 divisibile
666 1710 777 1750 inter
805 1710 849 1749 A
882 1715 925 1750 et
955 1709 1003 1756 Β,
1035 1716 1137 1749 tunc
1161 1721 1260 1749 cum
1291 1708 1346 1747 sit
1369 1706 1549 1758 angelus
1570 1707 1624 1746 ad

94 1793 268 1834 presens
292 1780 334 1818 in
356 1779 413 1826 A,
438 1785 481 1819 et
496 1792 584 1819 non
599 1778 654 1818 sit
678 1778 713 1817 B
732 1779 962 1818 continuus
978 1777 1026 1826 ei,
1044 1783 1086 1817 et
1108 1783 1256 1817 tamen
1272 1783 1338 1816 est
1360 1776 1626 1829 propinquis-

58 1864 73 1894 5
95 1848 230 1888 simus
261 1849 335 1901 qui
368 1854 515 1901 potest
546 1847 715 1899 signari,
733 1854 834 1887 tunc
863 1846 1043 1898 angelus
1069 1846 1253 1898 quiescit
1286 1846 1327 1884 in
1355 1845 1412 1894 A,
1436 1852 1479 1886 et
1514 1843 1623 1899 noni

93 1917 255 1970 poterit
273 1917 437 1957 moveri
461 1916 668 1963 ulterius;
703 1915 805 1967 quia
822 1915 987 1966 primus
1009 1915 1218 1955 terminus
1234 1915 1288 1954 ad
1307 1927 1437 1966 quem
1459 1915 1625 1954 veniret
1644 1921 1683 1961 65
1703 1922 1721 1950 l>
1741 1931 1767 1951 2.

93 1992 205 2026 esset
233 1986 283 2036 B,
305 2000 356 2027 eo
378 1985 494 2037 quod
527 1997 698 2037 semper
730 1991 794 2024 est
827 1996 1002 2036 presens
1029 1983 1290 2029 indivisibili,
1316 1990 1359 2023 et
1389 1984 1486 2023 ideo
1516 1997 1624 2023 nun-

93 2068 224 2108 quam
247 2055 528 2108 pertransiret
553 2053 747 2107 spacium
770 2053 888 2104 quod
915 2058 979 2092 est
1002 2053 1113 2092 inter
1138 2052 1182 2092 A
1205 2059 1247 2091 et
1271 2052 1317 2100 B,
1341 2065 1481 2105 neque
1504 2060 1626 2093 motu

95 2137 237 2175 neque
275 2124 534 2163 mutacione.
598 2122 657 2162 Et
692 2122 790 2162 ideo
833 2122 1025 2161 raciones
1068 2121 1317 2161 Aristotelis
1358 2122 1443 2161 due
1484 2122 1624 2174 prime

94 2199 278 2244 possunt
316 2191 490 2232 formari
531 2190 745 2243 equaliter
785 2196 936 2229 contra
973 2190 1281 2239 mutacionem,
1318 2191 1429 2231 sicut
1470 2197 1623 2231 contra

95 2267 277 2311 motum,
300 2260 333 2300 si
356 2259 537 2314 angelus
566 2259 621 2299 sit
644 2271 819 2312 presens
843 2258 937 2298 loco
961 2258 1220 2298 indivisibili.
1285 2258 1401 2298 Nam
1428 2259 1517 2299 sive
1547 2272 1623 2311 per

95 2336 275 2376 motum.
299 2330 390 2369 sive
426 2342 502 2382 per
535 2328 841 2375 mutacionem,
867 2333 1059 2366 transeat
1092 2327 1165 2367 illa
1196 2333 1370 2379 puncta,
1402 2334 1446 2368 et
1477 2334 1621 2368 totum

136 2461 156 2488 4
185 2454 297 2489 potest
314 2449 406 2490 esse]
424 2454 516 2480 esset
533 2448 565 2478 F
730 2457 746 2485 7
772 2448 806 2478 in
824 2452 929 2478 totum
947 2446 1020 2487 qui]
1039 2447 1236 2477 continuum
1253 2448 1332 2486 quin
1349 2452 1452 2478 totam
1471 2448 1521 2478 F:
1543 2449 1621 2487 quin

95 2497 200 2523 totum
218 2493 252 2522 D
398 2504 419 2532 9
443 2491 646 2532 corporalis]
665 2491 815 2531 corporis
846 2491 879 2521 F
1026 2490 1150 2531 solum]
1182 2491 1255 2521 sola
1286 2491 1318 2520 F
1462 2501 1495 2521 11
1525 2492 1621 2532 ergo]

95 2553 177 2582 ergo
191 2544 277 2574 sicut
288 2543 349 2573 FB
443 2543 551 2584 quod]
569 2544 648 2582 quia
660 2543 692 2572 F
774 2551 811 2572 12
834 2541 1026 2582 minimum]
1044 2542 1257 2572 manifestum
1272 2542 1312 2571 M
1395 2552 1433 2580 13
1457 2543 1622 2584 quolibet]

95 2595 388 2636 quolibetnspacio
412 2595 445 2625 F
636 2605 673 2633 15
698 2595 854 2634 quiescit.
900 2593 993 2624 Haec
1007 2593 1102 2624 verba
1118 2593 1193 2625 add.
1212 2593 1253 2623 M
1266 2599 1300 2624 et
1317 2604 1387 2624 non
1410 2599 1521 2633 potest
1545 2605 1622 2625 esse

93 2648 277 2677 secundum
302 2652 433 2687 partem
527 2647 565 2676 18
588 2646 828 2677 indivisibilem
843 2656 909 2676 om.
930 2644 964 2674 D
1049 2654 1090 2682 23
1116 2655 1191 2675 cum
1207 2655 1272 2676 om.
1290 2645 1324 2674 D
1413 2654 1454 2684 25
1478 2645 1621 2687 signari]

94 2698 166 2728 fieri
184 2698 219 2728 D
307 2697 466 2738 quiescit]
485 2698 633 2737 quiescet
650 2697 718 2727 DB
815 2698 856 2727 26
881 2697 1004 2736 poterit
1022 2697 1164 2738 moveri]
1184 2697 1371 2727 movebitur
1384 2696 1418 2727 D
1515 2708 1556 2736 29
1581 2698 1622 2729 Et

91 2760 155 2780 om.
175 2750 207 2779 F
