1877 3131
818 153 897 193 149

93 253 168 293 Ad
197 254 315 306 quod
345 253 577 294 dicendum
603 261 678 300 est,
702 255 819 306 quod
849 255 988 307 prima
1015 256 1263 309 proposicio
1292 257 1379 298 duo
1401 259 1619 312 proponit,

92 321 266 369 scilicet,
300 321 406 362 dum
433 321 535 375 agit,
568 328 611 362 et
645 322 687 361 in
720 328 932 374 quantum
966 324 1058 375 agit
1091 330 1132 364 et
1165 325 1357 366 dandum
1389 333 1455 366 est
1486 340 1620 366 unum

94 389 263 430 illorum
297 395 483 440 tantum,
514 389 688 439 scilicet,
721 391 826 431 dum
864 391 967 444 agit,
1000 398 1042 432 et
1076 404 1162 432 non
1194 392 1236 432 in
1269 399 1482 445 quantum
1515 396 1619 447 agit.

94 459 209 498 Nam
241 458 275 498 si
307 471 440 511 agens
477 458 520 497 in
551 465 764 510 quantum
806 459 909 511 agit,
945 466 1150 507 moveret,
1178 460 1182 512 Ι
1213 466 1315 501 tunc
1351 463 1471 503 accio
1508 470 1619 503 esset
1639 476 1674 506 41
1695 468 1714 497 b
1735 478 1761 497 2·

56 541 71 570 5
93 532 250 579 motus,
270 533 335 568 set
358 528 462 567 dum
486 527 577 579 agit
601 532 759 577 movet,
783 527 911 567 simul
934 528 1050 568 enim
1074 535 1184 578 sunt,
1207 535 1250 570 et
1276 530 1622 571 concomitantur

91 610 137 636 se
175 595 425 635 necessario.
504 594 713 635 Similiter
754 596 808 636 de
844 596 1043 649 paciente
1079 597 1317 648 sciendum,
1353 600 1471 651 quod
1514 599 1619 639 dum

92 664 254 716 patitur
296 669 505 711 movetur,
546 669 612 704 set
655 676 741 704 non
784 664 825 703 in
862 670 1075 717 quantum
1113 666 1288 718 patitur.
1363 665 1411 706 Si
1453 667 1622 707 dicatur

91 732 221 785 quod,
244 731 424 773 excluso
446 733 563 772 omni
591 732 740 782 tercio,
762 733 796 773 si
826 733 946 774 accio
976 740 1056 782 est,
1079 735 1222 787 passio
1252 741 1327 781 est,
1349 735 1453 788 quia
1476 735 1621 788 passio

90 808 156 842 est
189 799 368 842 effectus
399 806 443 841 et
481 799 622 841 illacio
655 801 855 849 accionis,
887 808 953 842 set
989 803 1021 842 si
1060 816 1193 856 agens
1225 809 1340 856 agat,
1374 804 1454 844 erit
1486 804 1621 852 accio,

35 869 207 909 10nullo
249 868 335 909 alio
377 869 543 921 posito:
587 883 702 923 ergo,
737 883 823 910 non
861 877 925 910 est
964 870 1030 912 hic
1073 871 1190 912 aliud
1227 885 1358 924 quam
1395 873 1515 914 accio
1551 873 1621 913 vel

91 939 244 990 passio,
268 943 310 978 et
340 937 441 977 ideo
472 943 617 977 motus
643 938 724 978 erit
753 938 869 978 idem
903 953 999 979 cum
1032 939 1107 988 eis,
1130 939 1198 980 vel
1224 940 1409 980 alterum
1436 939 1620 981 illorum.

92 1005 139 1048 Si
171 1013 358 1059 ponatur
389 1018 497 1053 esse,
519 1005 752 1046 dicendum
785 1013 851 1047 est
882 1007 1002 1059 quod
1034 1006 1103 1048 hic
1135 1013 1235 1048 sunt
1266 1014 1452 1060 quatuor
1478 1021 1619 1049 neces-

91 1075 217 1122 sario,
257 1073 434 1120 scilicet,
477 1074 679 1126 operacio
720 1075 901 1127 agentis,
939 1082 982 1115 et
1024 1075 1258 1128 disposicio
1300 1076 1445 1129 aliqua
1487 1077 1619 1129 ipsius

92 1143 302 1195 pacientis
326 1148 506 1195 propter
527 1142 760 1191 accionem,
778 1149 820 1183 et
843 1143 877 1182 si
900 1143 1027 1182 nichil
1045 1143 1163 1184 aliud
1186 1143 1320 1185 fieret.
1375 1144 1451 1185 Set
1474 1151 1622 1185 tamen

32 1229 67 1260 15
91 1210 343 1264 inpossibile
385 1216 449 1250 est
491 1211 596 1262 quin
633 1217 812 1264 propter
849 1211 1071 1252 accionem
1111 1218 1154 1252 et
1188 1213 1435 1265 passionem
1477 1226 1622 1254 conse-

89 1286 247 1332 quatur
278 1279 434 1332 aliquis
465 1278 657 1328 effectus,
682 1279 750 1319 vel
783 1279 864 1320 loci
898 1281 1146 1330 renovandi,
1178 1281 1244 1321 vel
1289 1280 1426 1322 forme
1469 1281 1621 1330 fiende,

92 1348 159 1388 vel
192 1348 461 1400 quantitatis,
483 1347 557 1400 qui
590 1347 770 1388 effectus
799 1354 865 1388 est
896 1348 1025 1395 aliud,
1049 1355 1095 1389 ut
1124 1356 1259 1402 patet,
1288 1350 1345 1389 ab
1377 1352 1553 1391 accione
1578 1356 1620 1390 et

91 1418 304 1470 passione.
367 1415 445 1457 Set
477 1416 546 1456 hic
579 1415 759 1456 effectus
792 1429 877 1456 non
909 1423 1055 1469 potest
1087 1417 1177 1458 fieri
1207 1418 1299 1458 sine
1330 1418 1401 1459 via
1427 1419 1482 1458 ad
1510 1433 1622 1467 eum,

90 1492 132 1525 et
153 1485 232 1525 hec
253 1485 324 1525 via
350 1491 495 1526 motus
525 1490 602 1535 est,
631 1491 674 1524 et
702 1484 800 1525 ideo
828 1490 1014 1536 quatuor
1041 1499 1135 1526 sese
1158 1486 1516 1537 concomitantur‚
1537 1500 1621 1540 que

31 1569 69 1590 20
89 1554 266 1594 omnino
288 1553 456 1593 diversa
478 1558 578 1592 sunt
606 1553 648 1592 in
670 1553 862 1593 essencia
884 1559 928 1594 et
950 1559 1115 1594 natura.

150 1678 396 1731 Capitulum
430 1684 495 1731 3¹1¹.
528 1678 572 1718 in
604 1691 694 1730 quo,
723 1679 990 1719 arcusacione
1010 1679 1142 1731 facta
1173 1678 1223 1718 de
1256 1679 1426 1732 infinito
1461 1679 1544 1719 loco
1579 1686 1621 1719 ct

89 1761 230 1798 vacue,
255 1747 535 1800 prosequitur
570 1746 722 1787 stasim
754 1752 856 1798 post
890 1752 1052 1786 motum
1089 1747 1140 1787 dc
1177 1753 1369 1801 tempore,
1402 1754 1479 1799 per
1512 1761 1618 1788 com-

80 1816 353 1868 paracz'ouem
390 1814 452 1855 ad
489 1816 602 1856 alias
640 1815 794 1868 specics
834 1829 1029 1856 mensure
1067 1816 1365 1864 dm‘acz'onum,
1402 1830 1480 1868 que
1518 1823 1623 1856 suut

86 1884 294 1925 eternitas
313 1890 458 1924 creata
477 1890 520 1924 et
544 1885 750 1925 increata.

31 1994 67 2024 25
144 1974 410 2024 Aristoffles,
447 1981 548 2027 post
582 1981 752 2015 motum
787 1975 828 2014 in
866 1974 1107 2023 universali,
1141 1974 1403 2015 determinat
1435 1976 1490 2016 de
1526 1975 1619 2015 aliis

86 2049 322 2095 antequam
352 2042 589 2083 descendat
620 2043 662 2082 in
696 2043 947 2096 particulari
979 2044 1035 2084 ad
1065 2043 1229 2095 species
1256 2049 1411 2091 motus,
1436 2050 1478 2084 et
1509 2044 1620 2084 inter

87 2116 229 2152 cetera
261 2110 475 2163 premittit
506 2110 738 2162 infinitum,
764 2111 895 2164 quod,
925 2110 1026 2152 licet
1058 2110 1272 2152 racionale
1304 2112 1371 2161 sit,
1401 2112 1618 2152 consider-

87 2180 170 2220 atis
200 2179 493 2232 posicionibus
521 2179 883 2233 philosophorum
909 2179 1139 2232 aliquibus,
1165 2187 1312 2220 tamen
1341 2193 1428 2220 non
1458 2186 1523 2220 est
1551 2180 1619 2221 hic

88 2248 375 2288 necessarium
394 2248 532 2298 nobis,
547 2249 634 2301 qui,
650 2249 809 2301 spretis
831 2248 1157 2289 curiositatibus
1174 2249 1362 2288 erroneis
1380 2248 1617 2288 multorum

4 2360 5 2366 ¹
29 2334 68 2365 30
86 2316 337 2366 amicorum,
361 2316 616 2357 festinamus
638 2317 694 2357 ad
717 2317 940 2357 sciendam
956 2317 1200 2358 veritatem.
1252 2316 1416 2357 Verum
1441 2317 1618 2369 quidem

4 2371 7 2384 ἱ
87 2390 153 2425 est
175 2385 293 2438 quod
316 2384 548 2437 infinitum,
564 2385 736 2439 proprie
753 2386 980 2434 sumendo,
996 2391 1178 2425 vocatur
1200 2385 1365 2438 aliquid
1385 2391 1617 2426 extensum

87 2453 179 2494 sine
202 2453 297 2501 fme,
322 2459 368 2493 ut
397 2466 556 2506 corpus
584 2454 652 2494 vel
681 2454 904 2506 quantitas
930 2452 996 2494 vel
1027 2460 1171 2494 motus
1196 2453 1265 2494 vel
1287 2460 1476 2506 tempus,
1498 2459 1543 2494 et
1564 2454 1618 2494 de

86 2521 169 2562 hoc
190 2521 358 2562 infinito
388 2522 478 2574 agit
506 2522 780 2570 Aristoteles,
804 2528 868 2562 set
896 2520 1005 2561 infra
1034 2522 1245 2562 mundum
1274 2520 1279 2575 Ι
1308 2522 1482 2572 scilicet,
1508 2522 1619 2562 inter
1637 2540 1675 2570 42
1694 2540 1713 2560 a
1732 2537 1758 2560 1.

131 2620 194 2650 2-3
217 2615 251 2641 et
271 2611 417 2642 dandum
432 2635 440 2644 .
456 2634 463 2641 .
480 2635 488 2642 .
504 2611 583 2641 dum
597 2611 667 2650 agit
678 2621 743 2642 om.
760 2612 792 2641 F
853 2622 871 2649 4
889 2610 1060 2651 moveret]
1076 2616 1271 2642 moveretur
1283 2611 1317 2640 D
1382 2611 1404 2640 6
1426 2611 1618 2651 sciendum]

87 2662 264 2693 dicendum
283 2667 335 2692 est
351 2662 384 2692 F
488 2673 509 2701 9
531 2662 625 2703 agat]
643 2663 712 2701 agit
729 2662 763 2692 D
874 2672 911 2692 21
938 2661 1096 2702 tercium]
1115 2667 1268 2702 quartum
1284 2662 1346 2693 FD
1436 2662 1469 2692 in
1487 2685 1495 2694 .
1513 2686 1521 2693 .
1543 2686 1550 2693 .
1570 2663 1619 2694 in-

87 2717 198 2744 creata
213 2723 279 2745 om.
298 2713 332 2742 D
450 2724 492 2752 24
516 2713 676 2744 increata.
725 2712 816 2744 Haec
830 2713 926 2744 verba
942 2712 1019 2744 add.
1038 2713 1082 2744 F:
1107 2718 1268 2752 quantum
1287 2713 1439 2752 cognicio
1456 2714 1619 2752 temporis

87 2764 216 2803 indiget
385 2774 426 2803 25
450 2764 663 2805 Aristotiles]
681 2764 868 2796 Aristotilis
884 2764 919 2794 D
1095 2775 1135 2803 27
1162 2765 1345 2805 racionale]
1364 2764 1568 2796 racionabile
1585 2765 1620 2794 D

87 2816 129 2846 28
153 2816 451 2857 philosophorum]
469 2816 673 2856 phisicorum
692 2816 725 2846 D
858 2825 901 2856 33
925 2815 1012 2847 infra
1044 2816 1220 2858 mundum]
1237 2817 1270 2848 in
1287 2818 1396 2856 figura
1412 2816 1528 2847 mundi
1546 2816 1578 2846 F
