1898 3126
36 574 72 606 F.
94 583 152 605 102
171 585 189 604 a
211 583 236 604 Ι.

121 1475 243 1506 54a2.

986 120 1068 160 190

256 223 374 264 locus
396 224 452 263 sit
473 221 669 275 spacium
694 222 805 261 inter
825 220 962 262 latera
983 220 1255 267 continentis,
1279 224 1326 259 ut
1346 218 1515 271 antiqui
1537 223 1790 271 posuerunt.

258 292 335 333 Set
357 291 591 332 dicendum
622 297 686 331 est
713 290 877 340 statim,
899 290 1016 343 quod
1048 302 1163 338 non3
1195 287 1298 340 quia
1323 287 1357 327 si
1386 286 1564 340 aliquod
1593 285 1790 340 spacium

259 361 316 400 ibi
346 366 472 409 esset,
494 365 598 400 tunc
626 365 739 399 esset
771 357 1009 399 secundum
1043 371 1088 398 se
1114 361 1365 409 separatum
1386 356 1442 396 ab
1466 355 1585 395 omni
1609 367 1791 407 corpore

257 428 444 469 naturali
477 435 524 469 ut
551 427 761 481 reciperet
792 426 877 475 illa,
899 432 966 467 set
997 425 1081 466 hoc
1113 432 1179 466 est
1210 437 1408 465 vacuum.
1472 423 1560 464 Sed
1592 436 1788 472 vacuum,

255 498 494 539 secundum
525 495 813 536 Aristotelem
849 500 892 535 et
922 493 1147 546 Averroys
1183 499 1226 533 et
1258 492 1548 542 Avicennam,
1579 504 1666 533 non
1699 497 1764 531 est
1782 504 1790 540 ;

257 579 373 619 ergo,
408 566 527 606 locus
567 577 654 604 non
688 563 770 603 erit
806 561 1057 614 hujusmodi
1092 561 1301 615 spacium.
1328 559 1332 614 Ι
1364 560 1490 609 Item,
1523 559 1654 600 nichil
1688 558 1792 600 facit

257 634 516 675 distanciam
535 634 645 673 inter
662 632 798 671 latera
820 630 1099 680 continentiS,
1117 630 1198 670 nisi
1221 629 1438 670 dimensio
1460 628 1668 677 contenti,
1690 628 1792 680 quia

257 704 497 744 secundum
540 701 634 754 ejus
672 699 1021 753 magnitudinem
1065 699 1229 739 distant
1261 698 1408 748 latera,
1446 704 1490 738 et
1521 710 1607 737 non
1640 696 1792 745 aliter3

259 786 374 826 ergo,
403 784 489 811 non
534 776 599 811 est
643 769 756 809 inter
796 767 934 808 latera
975 767 1153 820 aliquod
1197 767 1392 819 spacium
1425 767 1650 807 distancie.
1714 764 1792 806 Set

260 839 523 882 Aristoteles
564 838 706 892 arguit
748 843 915 877 contra.
940 835 1024 877 hoc
1065 836 1134 876 hic
1176 836 1260 876 sic:
1313 835 1349 875 si
1391 835 1510 876 locus
1552 840 1664 875 esset
1704 833 1793 875 tale

260 909 467 963 spacium,
505 913 608 948 tunc
644 907 739 947 loca
784 912 929 946 essent
970 904 1150 953 infinita,
1184 904 1286 957 quia
1325 904 1437 944 sicut
1473 909 1615 944 totum
1657 902 1793 943 habet

260 984 400 1019 totam
436 976 696 1017 distanciam
739 988 819 1029 pro
861 973 968 1021 loco,
1004 974 1065 1014 sic
1107 973 1300 1025 quelibet
1336 986 1437 1026 pars
1478 972 1572 1025 ejus
1612 972 1793 1012 haberet

261 1052 430 1100 partem
465 1045 700 1085 distancie:
741 1049 807 1083 set
839 1042 1007 1082 infinite
1049 1048 1149 1082 sunt
1180 1047 1338 1096 partes,
1370 1041 1471 1082 licet
1503 1041 1544 1080 in
1577 1041 1794 1093 potencia,

262 1124 304 1156 et
337 1122 483 1155 tamen
515 1113 696 1154 actualis
727 1112 940 1152 distancia
971 1111 1150 1152 cuilibet
1188 1111 1482 1163 responderet.
1551 1108 1627 1150 Set
1658 1123 1793 1163 expo-

261 1191 391 1224 natur
423 1188 729 1236 argumentum
771 1179 1036 1228 Aristotelis,
1069 1186 1112 1220 et
1143 1180 1333 1220 tenenda
1373 1185 1438 1219 est
1480 1178 1795 1231 consequencia

261 1252 526 1299 Aristotelis,
562 1251 663 1292 licet
699 1249 792 1302 ejus
834 1248 1074 1290 verificacio
1106 1249 1162 1288 sit
1195 1247 1390 1288 difficilis.
1468 1247 1795 1300 Argumentum

262 1321 501 1363 secundum
535 1327 601 1361 est
632 1320 751 1372 quod
784 1324 888 1359 tunc
925 1317 1137 1358 translato
1168 1315 1325 1365 locato,
1360 1317 1401 1355 in
1435 1329 1513 1356 suo
1545 1316 1797 1356 continente

263 1392 317 1430 de
352 1390 449 1430 loco
481 1389 536 1429 ad
569 1389 727 1437 locum,
750 1391 1113 1428 transmutaretur
1152 1385 1225 1426 illa
1260 1385 1474 1426 distancia
1511 1385 1623 1425 inter
1658 1384 1797 1425 latera

264 1459 327 1499 sui
361 1457 633 1506 continentis,
665 1463 707 1497 et
743 1457 803 1496 ita
840 1455 962 1496 locus
991 1460 1237 1495 moveretur
1269 1454 1507 1494 secundum
1538 1453 1682 1494 locum
1715 1451 1720 1508 Ι
1752 1458 1795 1493 θῖ

265 1528 383 1567 locus
419 1532 531 1567 esset
561 1526 656 1574 loci,
689 1532 732 1565 et
759 1530 904 1566 essent
936 1523 1059 1577 plura
1086 1522 1181 1563 loca
1213 1522 1356 1571 simul,
1391 1536 1474 1575 que
1501 1529 1604 1563 sunt
1635 1522 1796 1575 impos-

262 1595 417 1636 sibilia.

323 1663 399 1704 Set
432 1669 578 1716 potest
610 1662 721 1702 obici
755 1667 905 1702 contra
936 1661 1019 1701 hoc
1052 1661 1193 1713 primo
1226 1660 1335 1700 sicut
1366 1665 1509 1699 totum
1537 1658 1731 1700 locatum
1754 1659 1797 1699 in

265 1739 361 1774 toto
395 1732 492 1772 loco
524 1731 583 1772 sic
617 1731 810 1772 medium
844 1731 886 1770 in
920 1730 1095 1777 medio;
1128 1741 1243 1781 ergo,
1269 1729 1463 1769 exterius
1494 1727 1624 1769 locati
1656 1733 1721 1768 est
1754 1728 1796 1767 in

266 1801 472 1842 exteriori
510 1807 633 1853 parte
671 1800 766 1848 loci,
801 1805 844 1839 et
881 1798 1058 1838 interius
1093 1797 1183 1838 sive
1218 1796 1482 1849 profundum
1516 1796 1610 1849 ejus
1641 1796 1722 1837 erit
1754 1796 1796 1835 in

267 1870 456 1910 interiori
493 1875 536 1909 et
573 1868 792 1921 profundo
830 1867 940 1916 loci3
988 1879 1103 1918 ergo,
1141 1872 1244 1906 tunc
1285 1865 1406 1906 locus
1447 1864 1582 1905 habet
1618 1865 1798 1906 interius

265 1946 308 1978 et
335 1937 527 1978 exterius
556 1943 599 1976 et
630 1935 864 1990 profundat
897 1948 942 1974 εθ
975 1935 1085 1974 inter
1114 1933 1250 1974 latera
1282 1933 1554 1975 continentis.
1617 1932 1695 1974 Set
1717 1933 1799 1974 hoc

265 2019 352 2047 non
377 2012 522 2058 posset
545 2018 638 2046 esse
660 2005 739 2046 nisi
761 2010 875 2044 esset
895 2005 1091 2056 spacium
1119 2002 1329 2043 distancie
1352 2002 1395 2041 in
1417 2001 1576 2043 medio.
1639 2001 1798 2042 Dicen-

267 2076 371 2114 dum
398 2080 476 2123 cst,
499 2075 615 2126 quod
646 2073 839 2113 medium
867 2078 931 2112 est
961 2071 1003 2111 in
1035 2071 1179 2111 medio
1205 2070 1300 2119 loci,
1323 2070 1434 2110 sicut
1455 2075 1599 2110 totum
1623 2069 1665 2109 in
1689 2069 1798 2119 loco,

266 2143 301 2183 si
345 2148 544 2183 sumatur
585 2141 778 2182 medium
823 2140 1015 2181 locatum
1057 2139 1250 2180 exterius
1291 2144 1335 2179 et
1377 2151 1465 2178 non
1507 2151 1532 2177 a
1573 2138 1798 2191 superficie

268 2211 474 2251 exteriori
502 2211 543 2249 in
569 2210 635 2250 sui
658 2209 938 2263 profundum,
962 2215 1003 2249 et
1026 2208 1264 2247 secundum
1297 2207 1380 2247 hoc
1413 2206 1662 2259 superficies
1695 2219 1798 2247 con·
1818 2221 1858 2251 30
1889 2241 1891 2245 ,

267 2293 373 2319 cava
396 2278 529 2331 ipsius
551 2279 812 2318 continentis
835 2284 913 2327 est,
936 2277 1055 2317 locus
1077 2276 1269 2316 medium
1293 2275 1406 2315 illius
1428 2275 1671 2328 superficiei
1697 2288 1798 2315 con-

268 2348 377 2388 tinet
396 2347 586 2387 mediam
607 2346 880 2399 superficiem
897 2345 1038 2393 locati,
1058 2350 1101 2384 et
1118 2344 1203 2385 alia
1221 2343 1431 2383 medietas
1453 2342 1583 2383 aliam
1608 2343 1798 2383 mediam

268 2415 553 2468 superficiem,
587 2421 629 2454 et
662 2415 882 2454 mediante
917 2412 1215 2466 adequacione
1254 2410 1578 2463 superficierum
1614 2410 1798 2452 locantis

269 2490 311 2524 et
342 2482 472 2524 locati
502 2496 659 2535 corpus
692 2483 822 2523 locati
854 2482 1097 2522 continetur
1128 2481 1170 2520 in
1204 2479 1310 2528 loco,
1335 2486 1379 2519 et
1410 2477 1677 2531 profundum
1704 2479 1798 2532 ejus

270 2565 356 2591 non
391 2552 639 2592 continetur
670 2552 777 2600 loco,
816 2552 895 2590 nisi
933 2551 1037 2602 quia
1070 2555 1135 2589 est
1172 2550 1215 2588 in
1248 2562 1327 2588 suo
1365 2553 1472 2596 toto,
1502 2548 1622 2600 quod
1655 2555 1720 2588 est
1754 2548 1796 2587 in
1818 2561 1834 2591 3

317 2639 329 2658 1
357 2629 579 2669 continentis]
596 2629 832 2659 convenientis
849 2628 882 2657 D
898 2638 976 2659 corr.
995 2628 1030 2657 in
1049 2637 1155 2667 marg.
1275 2635 1314 2655 10
1337 2625 1391 2655 hic
1407 2634 1472 2655 om.
1490 2624 1554 2654 FD
1666 2635 1703 2663 14
1728 2626 1797 2666 set]

270 2685 305 2710 ut
323 2680 355 2709 F
472 2690 513 2710 22
538 2680 669 2720 contra]
686 2680 775 2719 quod
792 2680 826 2709 D
952 2689 992 2717 23
1016 2678 1081 2718 sic]
1099 2679 1143 2708 sit
1158 2677 1192 2706 D
1318 2687 1359 2714 24
1384 2676 1418 2706 in
1434 2685 1502 2707 om.
1520 2675 1552 2705 F
1668 2678 1709 2707 26
1733 2677 1798 2708 hoc

270 2742 335 2762 om.
353 2731 385 2761 F
494 2742 534 2770 27
560 2732 654 2772 esse]
672 2732 745 2762 fieri
764 2731 828 2761 FD
946 2740 988 2770 29
1011 2729 1171 2770 locatum]
1190 2728 1291 2759 locati
1308 2727 1358 2759 F:
1382 2727 1444 2758 loci
1461 2726 1496 2756 D
1620 2737 1658 2766 31
1685 2727 1796 2769 locus]

273 2781 369 2813 locus
388 2783 420 2812 in
440 2782 486 2813 F:
513 2783 604 2814 locus
621 2788 655 2814 et
672 2783 706 2812 D
825 2792 866 2821 34
891 2787 924 2813 et
942 2783 1145 2821 profundum
1163 2804 1172 2813 .
1193 2804 1201 2812 .
1245 2780 1321 2811 loco
1338 2789 1402 2810 om.
1422 2778 1454 2809 F

1813 853 1852 874 10

1816 1193 1852 1226 Ι5

1817 1538 1857 1559 20

1819 1878 1855 1911 25
