1898 3126
817 123 897 165 239

86 226 269 268 racione
291 224 497 277 angelum
521 237 614 264 esse
641 224 843 278 potencie
871 223 1050 271 infinite,
1075 225 1178 277 quia
1209 226 1243 264 si
1272 226 1486 266 distancia
1514 234 1625 267 esset

97 293 264 335 infinita
285 292 396 333 inter
417 292 557 332 celum
581 298 624 332 et
646 298 806 332 terram
825 298 868 332 et
887 292 1076 331 mundus
1091 298 1204 332 esset
1223 293 1426 342 infinitus,
1444 295 1626 347 angelus

96 375 271 417 presens
305 361 399 401 celo
436 373 522 401 non
559 360 742 401 distaret
773 374 799 401 a
831 366 956 410 terra,
985 360 1099 412 quia,
1122 366 1170 400 ut
1202 361 1365 402 dictum
1398 369 1474 410 est,
1509 362 1625 403 nulla

95 430 305 472 distancia
356 428 505 470 localis
555 429 611 469 ad
663 428 867 481 angelum
910 428 1104 469 refertur.
1168 427 1245 469 Set
1286 443 1386 469 cum
1429 430 1488 470 sic
1532 444 1625 471 esse

60 524 75 555 5
97 511 270 554 presens
313 497 405 538 celo
442 503 486 538 et
521 510 608 537 non
645 496 805 537 distare
836 510 861 536 a
890 502 1018 548 terra,
1050 496 1192 549 posito
1221 498 1371 551 spacio
1400 497 1534 547 finito,
1562 507 1626 539 est

96 581 170 623 per
201 566 450 620 potenciam
483 565 653 606 finitam
683 564 940 617 angelicam,
973 577 1076 618 ergo
1104 565 1249 618 posito
1281 566 1428 619 spacio
1460 566 1628 606 infinito

96 636 176 677 erit
197 649 254 675 ex
277 634 480 688 potencia
501 633 682 681 infinita,
706 633 825 686 quod
848 633 955 673 dum
981 633 1036 673 sit
1059 647 1233 686 presens
1265 633 1371 685 celo,
1394 647 1479 674 non
1504 635 1628 675 abest

97 719 122 746 a
162 710 289 745 terra.
354 703 414 744 Et
451 702 687 744 dicendum
722 709 799 752 est,
831 714 917 742 non
953 703 1147 754 sequitur
1178 702 1234 741 de
1270 703 1416 755 spacio
1459 702 1628 742 infinito

96 779 273 828 propter
315 770 529 812 finitatem
574 777 783 818 creature,
818 770 932 810 racio
975 776 1122 810 tamen
1176 770 1495 822 spiritualitatis
1541 783 1627 811 non

46 861 79 884 10
97 847 320 895 repugnat,
344 846 386 880 et
410 839 513 880 ideo
535 837 691 880 saltem
715 839 756 878 in
778 839 927 891 spacio
950 837 1120 878 infinito
1144 851 1229 878 non
1253 839 1459 892 reperitur
1481 839 1628 879 incon-

95 911 283 951 veniens.
346 909 406 949 Et
448 922 522 961 per
556 908 640 949 hoc
686 913 806 961 patet
847 907 1072 959 quomodo
1113 907 1259 946 anima
1296 907 1521 947 racionalis
1562 914 1627 948 est

98 979 256 1031 ubique
278 978 320 1017 in
342 990 537 1029 corpore,
560 982 602 1017 et
625 975 850 1028 quomodo
873 975 1079 1016 sensitiva
1102 988 1201 1024 non,
1226 988 1302 1014 nec
1326 976 1583 1027 vegetativa.

138 1109 157 1136 4
180 1098 349 1128 refertur.
396 1096 470 1126 The
488 1095 714 1126 coincidence
732 1094 817 1125 with
836 1094 893 1124 the
911 1093 978 1133 Op.
996 1092 1087 1123 Tert.
1109 1092 1158 1132 (p.
1182 1092 1252 1129 184.
1275 1091 1293 1122 l.
1313 1094 1361 1122 26·
1389 1092 1486 1122 ends.

141 1217 155 1244 7
180 1205 288 1245 abest]
307 1204 408 1235 distat
425 1203 459 1233 D
