1877 3131
810 156 884 194 161

72 271 201 321 Item,
239 275 383 310 motus
416 269 685 309 voluntarius
717 269 857 321 magis
889 268 1116 320 elongatur
1149 281 1173 306 a
1206 274 1326 307 motu
1361 266 1440 307 celi
1471 279 1604 319 quam

75 345 219 379 motus
250 337 580 387 elementorum,
604 337 646 376 in
677 338 827 377 ordine
859 350 986 377 cause
1019 344 1062 377 et
1094 336 1269 384 causati,
1297 342 1339 375 et
1373 335 1484 383 ideo,
1506 348 1603 374 cum

73 408 126 447 sit
158 421 183 448 a
212 406 412 447 libertate
442 406 691 455 voluntatis,
713 405 836 446 fieret
869 413 912 446 et
944 406 977 444 si
1010 418 1097 445 non
1128 410 1242 444 esset
1276 410 1419 444 motus
1445 403 1540 451 celi,
1563 409 1605 442 et

74 476 172 516 ideo
194 481 377 529 tempus.
441 475 568 523 Item,
585 474 863 515 sublimando
885 473 1206 526 philosophiam
1229 486 1305 525 per
1326 486 1377 512 ea
1399 485 1485 523 que
1507 478 1607 511 sunt

34 564 52 593 5
74 543 174 584 fidei
197 549 240 584 et
262 543 549 597 philosophie,
578 556 806 595 possumus
824 543 980 591 dicere,
1001 542 1117 594 quod
1141 554 1297 593 corpus
1315 540 1605 593 glorificatum

73 625 158 652 non
192 613 411 665 dependet
437 626 462 652 a
488 612 594 661 celo,
617 613 734 664 quod
766 625 852 650 non
880 618 946 652 est
971 610 1261 664 glorificatum
1285 623 1293 659 ;
1324 622 1440 661 ergo,
1462 614 1606 661 potest

76 680 250 728 moveri,
283 686 326 720 et
357 681 391 721 si
425 687 560 720 staret
592 679 744 720 celum.
808 680 867 720 Et
900 679 1107 728 similiter,
1140 678 1423 719 alteraciones
1456 675 1606 717 inferni

74 749 222 789 fierent
245 749 287 788 in
314 756 513 801 tempore
535 754 677 788 stante
699 748 805 798 celo,
828 756 870 788 et
893 747 1047 788 saltem
1072 760 1158 786 non
1187 746 1437 799 dependent
1458 759 1483 784 a
1504 745 1607 792 celo,

73 831 204 870 quare
226 831 324 857 cum
348 818 389 857 in
412 819 472 858 eis
494 818 548 858 sit
572 823 728 866 motus,
751 816 934 857 debetur
966 817 1038 864 eis,
1070 816 1307 855 secundum
1339 817 1396 859 se,v
1420 820 1607 866 tempus.

15 902 55 922 ιο
75 886 216 933 Certe,
237 885 337 926 licet
370 886 449 925 hec
476 886 708 925 videantur
735 885 992 937 theologica,
1015 891 1163 925 tamen
1193 882 1441 936 philosophi
1475 882 1607 922 locuti

74 960 173 994 sunt
216 956 270 994 de
307 968 486 1007 corpore
516 954 774 1006 glorificato,
807 960 850 993 et
882 955 935 995 de
968 953 1090 1005 penis
1122 952 1299 1001 inferni;
1353 952 1460 990 sicut
1488 958 1608 1003 patet

74 1036 189 1063 nono
231 1029 273 1063 et
315 1024 486 1064 decimo
527 1022 838 1076 llsctlzaplzz'sice
877 1022 1116 1068 Avicenne‚
1157 1028 1200 1061 et
1243 1020 1285 1060 in
1336 1019 1611 1072 philosophia

76 1091 331 1140 Democriti,
354 1098 395 1132 et
421 1090 625 1140 Platonis,
649 1098 690 1131 et
713 1090 859 1138 Tullii,
876 1097 918 1131 et
942 1091 1059 1142 apud
1082 1089 1203 1140 alios,
1219 1089 1260 1128 in
1283 1102 1468 1140 quorum
1493 1088 1609 1128 libris

75 1160 291 1200 invenitur
313 1161 569 1200 resurrectio
591 1173 837 1212 corporum,
861 1165 903 1199 et
926 1160 980 1199 de
1003 1157 1302 1212 penisinferni.
1358 1156 1416 1197 Et
1439 1156 1611 1203 iterum,

15 1244 53 1273 >³5
75 1243 152 1270 nos
183 1229 546 1282 philosophantes
587 1228 818 1270 Christiani
863 1240 1094 1281 possumus
1126 1227 1260 1267 alcius
1292 1239 1443 1278 sapere
1475 1239 1608 1277 quam

76 1298 280 1348 infideles,
315 1305 358 1338 et
391 1298 501 1344 ideo,
526 1299 567 1337 in
600 1297 863 1338 falsitatibus
897 1295 1194 1348 reprobandis,
1229 1309 1314 1346 que
1350 1300 1448 1334 sunt
1485 1307 1610 1334 cause

75 1379 269 1407 errorum
321 1374 565 1407 nostrorum
618 1380 849 1420 possumus
877 1364 882 1418 l
910 1365 1146 1405 sublimare
1192 1363 1514 1417 philosophiam
1568 1369 1609 1402 et
1629 1377 1668 1408 45
1689 1368 1708 1398 b
1729 1377 1755 1398 1.

69 1435 221 1486 juvare
248 1449 356 1483 eam,
380 1435 447 1476 vel
479 1436 618 1487 magis
651 1435 856 1488 perficere
885 1448 962 1488 per
983 1433 1247 1486 adjutorium
1272 1432 1387 1482 fidei,
1408 1438 1448 1471 ct
1473 1431 1609 1484 preci-

75 1518 160 1558 pue
182 1517 259 1557 per
291 1504 370 1545 hec
403 1518 488 1556 que
519 1507 697 1557 vulgata
728 1511 830 1544 sunt
860 1503 976 1556 apud
1008 1515 1172 1550 omnes,
1195 1510 1285 1542 tam
1310 1500 1456 1553 laycos
1478 1513 1610 1552 quam

12 1585 56 1607 20
75 1574 266 1620 clericos,
289 1580 336 1613 ut
363 1579 428 1612 est
455 1573 714 1613 resurreccio
746 1585 992 1625 corporum,
1016 1578 1058 1610 et
1089 1570 1227 1623 gloria
1249 1575 1407 1617 eterna,
1432 1574 1474 1607 et
1502 1581 1611 1620 pena

76 1641 240 1689 inferni,
261 1648 303 1682 et
326 1641 590 1694 hujusmodi.
666 1641 738 1681 Ex
760 1640 844 1680 hiis
867 1640 994 1692 igitur
1017 1645 1138 1692 patet
1161 1639 1280 1690 quod
1301 1637 1443 1677 nullus
1468 1645 1611 1677 motus

76 1711 203 1750 datus
234 1717 298 1750 est
325 1710 538 1762 precisum
571 1710 816 1761 subjectum
852 1708 1089 1761 temporis3
1125 1707 1185 1747 ita
1217 1707 1335 1759 quod
1369 1719 1454 1746 non
1490 1705 1612 1756 alius,

76 1785 139 1818 set
162 1780 305 1819 omnis
338 1786 483 1820 motus
516 1778 822 1820 indifferenter.
887 1778 945 1818 Et
971 1778 1069 1818 ideo
1095 1777 1128 1816 si
1152 1776 1294 1815 nullus
1318 1782 1464 1815 motus
1487 1780 1612 1823 esset,

76 1852 249 1900 tempus
272 1861 359 1888 non
381 1855 494 1889 esset
513 1863 520 1899 3
546 1854 588 1888 et
612 1848 646 1888 si
669 1848 919 1899 quicunque
944 1851 1089 1886 motus
1112 1844 1245 1892 fieret,
1268 1851 1442 1895 tempus
1466 1855 1613 1882 nasce-

12 1922 219 1967 251·etur;
251 1918 361 1958 sicut
392 1917 590 1958 accidens
621 1922 664 1956 et
697 1929 898 1956 mensura
930 1914 1042 1954 illius
1065 1921 1208 1953 motus
1239 1911 1493 1952 successiva.
1554 1910 1614 1949 Et

70 1984 162 2036 jam
200 1999 276 2037 per
309 1986 390 2025 hoc
427 1992 577 2038 patere
613 1991 758 2038 potest
792 1984 866 2024 iila
901 1984 1044 2036 gravis
1086 1981 1317 2022 difficultas
1349 1980 1405 2020 de
1447 1980 1612 2019 unitate

75 2054 296 2106 temporis.
360 2054 646 2106 Exponentes
672 2053 676 2107 Ι
705 2067 807 2093 vero
850 2052 1266 2098 Commentatorem‚
1303 2049 1451 2090 dicunt
1493 2048 1611 2101 quod
1633 2051 1802 2093 F.98b1.

74 2129 248 2175 tempus
281 2129 345 2162 est
380 2135 528 2169 unum,
569 2123 671 2174 quia
712 2127 858 2162 motus
894 2121 973 2161 celi
1006 2126 1071 2159 est
1103 2132 1224 2168 unus,
1256 2131 1385 2171 quem
1419 2118 1613 2169 sequitur

76 2199 249 2244 tempus
281 2191 391 2230 sicut
423 2191 515 2243 ejus
547 2190 792 2243 subjectum
825 2190 1053 2242 precisum.
1117 2186 1195 2227 Set
1226 2186 1309 2227 hoc
1331 2187 1612 2238 reprobatum

0 2253 60 2303 s30
78 2266 154 2308 est,
187 2260 304 2312 prius
335 2259 540 2312 quoniam
574 2272 661 2298 non
693 2264 945 2298 numeratur
977 2270 1055 2297 nec
1089 2255 1403 2309 multiplicatur
1438 2260 1612 2306 tempus

80 2329 317 2369 secundum
337 2327 747 2379 multiplicationem
772 2331 970 2367 motuum
998 2325 1237 2378 primorum
1268 2323 1471 2371 celorum,
1496 2335 1611 2375 ergo,

78 2411 155 2439 nec
178 2398 269 2451 ejus
292 2397 435 2437 unitas
458 2402 523 2436 est
553 2397 610 2436 ab
632 2396 798 2435 unitate
821 2400 966 2435 motus
987 2394 1097 2434 talis.
1168 2392 1227 2432 Et
1257 2393 1312 2432 ad
1339 2392 1421 2432 hoc
1453 2391 1613 2431 faciunt

78 2467 224 2507 omnia
246 2480 331 2520 que
352 2467 468 2507 dicta
491 2471 590 2505 sunt
613 2466 667 2505 ad
691 2464 807 2505 illam
831 2464 1108 2516 posicionem,
1132 2462 1250 2514 quod
1277 2468 1421 2501 motus
1444 2460 1522 2501 celi
1547 2467 1612 2500 est

78 2535 321 2589 subjectum
345 2535 563 2587 temporis.

121 2678 142 2706 6
165 2676 221 2706 alt.
241 2685 308 2706 non
326 2686 391 2706 om.
410 2674 444 2705 D
570 2685 587 2714 7
612 2674 735 2715 staret]
754 2678 819 2704 stat
837 2673 870 2702 F
990 2674 1010 2702 8
1035 2671 1173 2712 fierent]
1192 2671 1275 2701 fient
1292 2670 1324 2700 F
1407 2670 1440 2700 in
1458 2674 1611 2709 tempore

78 2738 144 2759 om.
163 2727 198 2758 D
378 2736 414 2766 13
438 2727 538 2767 alios]
557 2736 677 2757 omnes
703 2726 786 2756 alios
803 2725 838 2755 D
1018 2734 1053 2762 17
1078 2721 1290 2761 nostrorum]
1316 2730 1538 2760 mangnorum
1562 2720 1610 2750 F:

80 2789 277 2819 magnorum
294 2779 328 2809 D
416 2777 613 2819 possumus]
631 2787 807 2817 presumus
823 2777 856 2807 F
938 2775 1137 2816 sublimare]
1156 2773 1331 2806 sublimari
1346 2773 1382 2804 D
1480 2783 1523 2811 30
1546 2782 1611 2802 non

77 2841 146 2861 om.
164 2830 198 2861 D
330 2840 367 2869 31
396 2828 728 2871 multiplicacionem]
745 2828 994 2859 multitudinem
1012 2827 1076 2858 FD
1208 2835 1249 2865 33
1273 2826 1332 2866 ad]
1351 2829 1470 2855 contra
1486 2824 1549 2854 FD
