1877 3131
288 462 714 518 SUMMARY
769 462 875 515 OF
928 462 1374 515 CONTENTS

612 616 771 658 PARS
819 615 1055 657 TERCIA

434 723 480 756 de
499 728 600 756 motu
617 728 653 757 et
671 721 1004 757 concomitantibus
1024 728 1176 756 motum.

64 799 294 846 <Distinccio
313 798 468 846 prima.)

108 859 202 903 Cap.
224 869 253 893 1.
280 859 325 893 de
342 865 444 894 motu
461 858 550 903 quid
575 865 629 892 est
657 858 858 892 secundum
878 856 1173 902 descripcionem
1192 856 1402 891 Aristotelis
1429 863 1463 891 et

1483 682 1587 708 PAGE

154 917 241 962 quid
259 917 463 952 secundum
481 928 586 951 suam
604 916 829 951 essenciam.
1522 915 1584 958 138

109 977 200 1021 Cap.
219 986 252 1010 2.
276 976 323 1010 de
346 982 446 1010 motu
466 976 502 1010 in
521 987 593 1021 quo
611 976 668 1019 sit,
688 975 783 1010 sicut
802 974 838 1009 in
857 974 1033 1018 subjecto,
1055 984 1089 1008 et
1115 973 1150 1007 in
1176 985 1248 1018 quo
1268 974 1388 1008 differt
1418 973 1465 1006 ab

154 1035 305 1070 accione
323 1042 358 1070 et
377 1035 550 1080 passione
610 1060 618 1068 .
1455 1057 1463 1064 .
1518 1039 1580 1075 145

108 1094 196 1138 Cap.
217 1103 249 1137 3.
277 1093 312 1127 in
339 1105 424 1138 quo,
442 1093 682 1128 excusacione
698 1091 798 1126 facta
815 1093 862 1126 de
880 1061 1020 1126 infinito
1038 1092 1117 1125 loco
1135 1098 1171 1125 et
1189 1101 1318 1134 vacuo,
1338 1101 1464 1135 prose-

153 1151 276 1196 quitur
293 1152 417 1186 statim
444 1158 527 1196 post
554 1157 695 1185 motum
721 1151 768 1185 de
793 1157 971 1194 tempore,
991 1161 1055 1194 per
1072 1148 1393 1194 comparacionem
1415 1148 1463 1182 ad

151 1209 243 1244 alias
261 1209 404 1254 species
422 1221 593 1244 mensure
614 1208 866 1244 duracionum.
887 1219 956 1252 que
982 1213 1067 1241 sunt
1093 1207 1266 1241 eternitas
1285 1214 1409 1241 creata
1427 1213 1462 1240 et

153 1268 314 1302 increata
608 1295 616 1302 .
819 1295 825 1299 .
1455 1291 1460 1296 .
1518 1274 1581 1307 149

106 1327 195 1371 Cap.
216 1337 250 1369 4.
278 1327 324 1361 de
343 1326 566 1361 diffinicione
585 1324 759 1370 temporis
777 1324 978 1359 secundum
998 1323 1244 1365 Aristotelem,
1257 1329 1291 1357 et
1311 1322 1399 1368 quid
1417 1322 1462 1357 sit

151 1391 295 1429 tempus
314 1385 514 1418 secundum
533 1394 650 1427 genus
668 1389 703 1417 et
722 1381 986 1426 differendam,
1001 1388 1035 1416 et
1055 1380 1241 1426 quomodo
1255 1381 1366 1415 habet
1382 1391 1463 1414 esse
1518 1388 1579 1423 153

104 1442 194 1487 Cap.
215 1450 244 1487 5.
275 1440 344 1487 (de
361 1440 506 1487 quiete>
1452 1465 1460 1473 .
1516 1438 1580 1482 156

105 1502 194 1546 Cap.
215 1500 247 1535 6.
274 1501 310 1535 in
329 1511 401 1546 quo
420 1501 626 1535 declaratur
643 1499 742 1544 quod
757 1499 882 1533 anima
899 1510 972 1532 non
992 1506 1045 1532 est
1065 1498 1270 1542 subjectum
1285 1497 1462 1542 temporis

149 1570 217 1593 nec
235 1558 367 1604 aliquis
384 1565 506 1593 motus
521 1558 640 1593 dictus
659 1557 801 1602 precise
813 1584 820 1591 .
1451 1581 1457 1587 .
1513 1556 1578 1598 158

103 1616 193 1659 Cap.
213 1623 243 1657 7.
271 1615 316 1649 de
335 1614 486 1649 instanti
503 1641 510 1648 .
1454 1637 1460 1643 .
1519 1611 1578 1644 168

102 1674 192 1717 Cap.
213 1674 244 1707 8.
272 1673 318 1706 de
337 1684 405 1707 evo
1453 1697 1459 1703 .
1516 1679 1577 1714 173

57 1731 264 1765 Distinccio
282 1731 446 1765 secunda
467 1731 512 1764 cle
530 1731 611 1765 loco
629 1736 664 1764 et
683 1741 810 1772 vacuo,
830 1730 972 1764 habens
991 1729 1152 1773 capitula
1171 1735 1264 1763 octo,

102 1790 192 1834 Cap.
215 1799 242 1823 1.
272 1789 317 1823 de
336 1788 576 1823 distinccione
595 1789 791 1822 modorum
809 1787 879 1822 loci
921 1814 928 1821 .
1451 1812 1456 1817 .
1514 1788 1576 1820 182

101 1849 194 1892 Cap.
214 1858 244 1882 2.
272 1848 318 1882 de
335 1847 501 1882 essencia
519 1847 588 1881 loci
607 1847 813 1881 secundum
832 1846 931 1891 quod
949 1852 1004 1880 est
1021 1844 1209 1891 quantitas
1236 1871 1243 1878 .
1449 1870 1455 1876 .
1513 1845 1576 1887 189

100 1907 193 1950 Cap.
211 1916 242 1949 3.
269 1906 315 1940 de
333 1906 414 1940 Ioco
434 1912 472 1939 ut
489 1912 544 1940 est
563 1917 620 1940 res
638 1904 816 1939 naturalis
835 1914 1058 1938 conservans
1077 1904 1236 1937 locatum
1446 1929 1452 1934 .
1508 1912 1577 1935 200

100 1966 190 2010 Cap.
208 1975 242 2008 4.
261 1965 307 1999 de
325 1975 443 1999 vacuo
462 1970 640 2008 quantum
669 1964 716 1997 ad
738 1963 818 2007 ejus
836 1962 1098 1997 necessitatem
1117 1967 1267 2006 propter
1284 1961 1405 1994 locata
1423 1966 1457 1993 et

144 2028 294 2068 propter
334 2029 474 2056 motum
511 2021 698 2066 augmenti
733 2028 768 2055 et
803 2020 1025 2062 nutrimenti,
1060 2026 1094 2053 et
1129 2026 1277 2063 propter
1312 2024 1451 2053 motum

144 2082 299 2116 localem
1446 2104 1452 2111 .
1506 2078 1575 2112 206

100 2140 189 2183 Cap.
211 2147 240 2183 5.
268 2139 313 2173 de
345 2138 564 2173 necessitate
599 2137 703 2171 vacui
738 2143 888 2182 propter
922 2148 1034 2180 grave
1069 2142 1103 2170 et
1139 2136 1229 2176 leve,
1265 2146 1386 2169 rarum
1420 2142 1455 2169 et

144 2198 299 2232 densum
1444 2220 1450 2226 .
1504 2204 1574 2228 210

98 2256 191 2300 Cap.
210 2256 242 2290 6.
269 2255 315 2290 de
334 2254 534 2289 existencia
553 2253 658 2288 vacui
678 2253 879 2288 secundum
898 2265 936 2286 se
1444 2280 1450 2285 .
1505 2252 1572 2286 216

98 2315 189 2358 Cap.
209 2322 241 2356 7.
267 2314 313 2347 de
331 2313 412 2347 loco
430 2319 465 2347 et
484 2318 586 2346 motu
606 2311 852 2357 spiritualium
870 2309 1167 2344 substanciarum
1446 2336 1452 2342 .
1506 2319 1572 2351 224

98 2374 187 2417 Cap.
208 2374 239 2406 8.
267 2372 312 2406 de
330 2373 411 2406 loco
430 2371 726 2406 substanciarum
745 2369 986 2414 spiritualium
1022 2395 1028 2401 .
1446 2394 1452 2400 .
1504 2369 1571 2402 228

566 2496 726 2538 PARS
771 2494 1040 2549 QUARTA

485 2589 530 2623 de
548 2587 795 2633 produccione
813 2598 933 2620 rerum
951 2585 987 2619 in
1006 2585 1177 2629 generali.

51 2657 281 2704 <Distinccio
299 2658 418 2703 prima
436 2659 482 2693 de
501 2655 782 2702 generacione.>

94 2715 113 2762 <
121 2718 210 2761 Cap.
235 2727 262 2750 1.
290 2717 335 2751 de
353 2716 575 2751 alteracione
593 2722 628 2750 et
647 2714 890 2760 generacione
907 2711 1051 2758 rerum>
1441 2739 1447 2744 .
1502 2720 1571 2752 240

94 2776 184 2820 Cap.
203 2785 234 2809 2.
262 2775 308 2809 de
327 2774 534 2809 intencione
553 2781 587 2808 et
606 2773 823 2808 remissione
841 2773 958 2807 forme
977 2770 1236 2806 substancialis
1441 2795 1448 2802 .
1501 2778 1568 2810 242

95 2834 183 2878 Cap.
203 2843 233 2876 3.
261 2833 307 2868 de
326 2833 559 2868 successione
577 2831 833 2876 generacionis
851 2831 967 2865 forme
987 2828 1243 2864 substancialis
1443 2854 1449 2860 .
1501 2835 1565 2870 245
