1898 3126
31 876 231 917 F-105b2·
325 869 541 939 [ncipit
596 875 804 940 quarta
846 876 996 943 pars
1046 874 1444 928 colmmmz‘um
1497 873 1791 927 naturalis

241 965 603 1037 philosophie
654 986 760 1037 qne
810 972 894 1022 est
940 971 1008 1023 de
1048 971 1426 1042 produccz‘one
1479 988 1677 1023 rernm
1726 969 1786 1023 in

242 1063 514 1131 generali.

82 1214 123 1243 1),
143 1214 182 1253 65
201 1224 231 1244 a.
312 1210 439 1250 Nunc
465 1217 639 1265 tempus
667 1219 731 1252 est
761 1219 807 1252 ut
840 1212 915 1254 fiat
942 1214 1176 1254 descensus
1208 1214 1263 1254 ad
1287 1214 1451 1268 species
1482 1220 1642 1264 motus,
1665 1220 1708 1254 et
1730 1213 1784 1253 acl

253 1293 301 1318 ea
325 1292 408 1331 que
437 1287 536 1320 sunt
565 1294 739 1321 annexa
766 1281 837 1321 eis.
902 1281 975 1323 Sic
1004 1283 1120 1323 enim
1143 1282 1407 1324 Aristoteles
1436 1282 1548 1332 facit,
1576 1282 1784 1335 quoniam
1806 1297 1823 1329 5

254 1354 351 1400 post
394 1354 560 1388 motum
604 1349 647 1389 in
680 1350 907 1391 universali
949 1357 992 1391 et
1032 1350 1177 1393 locum
1216 1357 1259 1392 et
1295 1365 1482 1393 vacuum
1520 1356 1563 1392 et
1599 1358 1786 1406 tempus,

255 1416 478 1457 descendit
510 1417 552 1456 in
583 1417 832 1470 particulari
864 1419 919 1459 ad
951 1420 1118 1473 species
1155 1426 1302 1461 motus
1339 1426 1382 1461 et
1414 1420 1469 1460 ad
1503 1433 1555 1460 ea
1595 1433 1680 1473 que
1720 1433 1785 1460 se-

253 1491 416 1536 quntur
447 1498 530 1525 eas.
606 1485 657 1525 In
688 1484 768 1526 hac
799 1486 930 1539 igitur
960 1494 1083 1541 parte
1114 1488 1244 1542 hujus
1276 1489 1405 1542 primi
1442 1487 1538 1529 libri
1576 1488 1786 1528 naturalis

254 1552 502 1604 voluminis,
537 1553 697 1608 incipio
733 1569 757 1594 a
790 1557 1088 1609 generacione,
1126 1571 1209 1609 que
1246 1564 1312 1598 est
1353 1564 1501 1598 motus
1537 1555 1786 1612 principalis

255 1622 296 1660 in
329 1621 612 1662 naturalibus.
677 1622 755 1664 Set
788 1624 927 1664 multa
963 1625 1224 1666 dubitabilia
1255 1634 1355 1667 sunt
1389 1627 1498 1668 circa
1530 1639 1640 1667 eam.
1705 1625 1786 1666 Est
1808 1639 1847 1661 10
1896 1621 1898 1684 l

253 1697 399 1730 autem
431 1692 661 1744 generacio
693 1693 840 1734 exitus
873 1695 1053 1735 materie
1086 1695 1142 1735 de
1175 1695 1378 1748 potencia
1412 1695 1467 1734 ad
1504 1701 1665 1745 actum,
1696 1695 1787 1735 sive
1897 1689 1898 1726 l

254 1759 398 1799 exitus
432 1760 695 1812 generabilis
732 1762 785 1802 de
819 1776 905 1804 non
943 1770 1042 1803 ente
1076 1764 1131 1804 ad
1167 1776 1255 1815 ens,
1287 1763 1370 1804 hoc
1403 1770 1482 1815 est,
1517 1765 1572 1804 de
1610 1769 1710 1804 ente
1743 1763 1785 1803 in

253 1828 453 1881 potencia
475 1829 530 1869 ad
553 1843 646 1871 esse
668 1830 852 1871 actuale.
916 1832 975 1872 Et
1000 1839 1122 1885 patet
1148 1846 1204 1873 ex
1226 1833 1432 1886 predictis
1454 1833 1572 1885 quod
1595 1832 1787 1873 essencia

107 1903 186 1945 69b
206 1913 236 1935 2.
254 1896 516 1951 incompleta
544 1896 548 1952 Ι
577 1905 621 1939 et
652 1899 695 1938 in
726 1900 929 1953 potencia
963 1901 1085 1942 vadit
1116 1915 1192 1954 per
1222 1901 1553 1954 generacionem
1583 1901 1639 1941 ad
1668 1914 1785 1941 corn-

31 1974 69 2005 f.
91 1983 152 2005 110
170 1985 188 2005 a
209 1983 235 2005 1.
255 1965 528 2019 plementum
556 1974 599 2008 et
621 1974 777 2009 actum.
808 1966 812 2024 Ι
843 1969 903 2010 Et
932 1969 1062 2010 nichil
1088 1970 1206 2011 aliud
1239 1977 1305 2012 est
1334 1971 1479 2011 exitus
1509 1971 1564 2010 de
1585 1969 1787 2025 potencia
1808 1982 1844 2013 15

257 2035 452 2083 materie,
475 2035 554 2075 nisi
586 2036 705 2088 quod
727 2037 787 2077 sic
810 2044 1120 2091 promoveatur
1145 2038 1187 2079 in
1215 2038 1450 2079 terminum
1476 2037 1786 2092 generacionis‚

255 2103 370 2144 unde
413 2102 519 2145 illud
562 2105 682 2157 quod
728 2105 809 2146 fuit
851 2106 895 2146 in
931 2107 1134 2160 potencia
1170 2113 1324 2161 postea
1359 2106 1407 2148 fit
1444 2108 1487 2147 in
1523 2112 1637 2155 actu,
1674 2106 1786 2147 sicut

256 2169 521 2212 Aristoteles
553 2174 816 2216 determinat
849 2174 891 2215 in
923 2174 1008 2216 fine
1053 2176 1195 2217 octavi
1230 2175 1557 2229 Methaplzz'sz'ce.
1620 2174 1698 2216 Set
1732 2187 1786 2215 an

302 2317 340 2346 18
364 2318 658 2360 Methaphisice]
674 2319 744 2350 viii.
767 2330 814 2359 15.

303 2458 364 2488 1-3
390 2448 473 2479 Pars
490 2454 609 2488 quarta
626 2451 726 2489 hujus
743 2451 842 2491 primi
858 2451 933 2482 libri
951 2453 985 2483 in
1002 2463 1068 2492 qua
1085 2453 1122 2483 fit
1145 2453 1310 2483 desensus
1333 2452 1375 2482 ad
1397 2451 1530 2491 species
1553 2456 1664 2483 motus
1688 2456 1722 2483 et
1746 2452 1788 2483 ad

259 2511 299 2530 ea
310 2510 376 2538 que
394 2507 625 2533 consecuntur
641 2512 700 2533 eas
712 2502 756 2534 F:
774 2514 838 2534 om.
856 2503 891 2534 D
993 2515 1014 2544 4
1030 2503 1189 2536 Another
1204 2504 1290 2535 form
1307 2504 1336 2534 is
1351 2503 1452 2542 given
1469 2514 1513 2534 on
1531 2503 1551 2534 f.
1567 2514 1610 2543 29
1625 2503 1646 2534 b
1666 2513 1679 2534 1
1700 2503 1738 2533 os
1750 2502 1792 2532 M

258 2554 266 2567 ‘
281 2551 353 2583 Hiis
376 2552 498 2583 habitis
523 2554 565 2583 de
593 2558 691 2592 parte
718 2555 859 2585 materie
880 2556 1042 2586 naturalis
1064 2556 1250 2587 secundum
1271 2565 1320 2595 se,
1346 2560 1595 2593 consequenter
1617 2554 1788 2585 consider-

255 2603 381 2633 andum
406 2609 459 2634 est
483 2605 651 2644 quomodo
675 2606 876 2637 extrahatur
899 2607 1040 2638 materia
1062 2607 1104 2638 de
1127 2607 1287 2647 potencia
1309 2607 1351 2637 ad
1379 2611 1501 2637 actum.
1551 2606 1594 2636 Et
1622 2610 1716 2646 patet
1744 2615 1788 2636 ex

257 2654 419 2692 predictis
437 2678 444 2686 .
464 2678 471 2686 .
490 2679 498 2686 .
520 2660 553 2685 et
567 2661 677 2686 actum
693 2657 714 2688 '.
869 2659 890 2688 6
913 2663 948 2688 et
962 2658 1092 2699 locum]
1109 2659 1151 2689 ad
1168 2657 1323 2690 locumF
1471 2668 1489 2696 7
1513 2657 1694 2697 sequntur]
1712 2666 1789 2687 con-

256 2710 421 2744 sequntur
438 2706 472 2736 D
634 2717 672 2737 12
695 2708 915 2750 generabilis]
931 2709 1100 2748 generalis
1116 2709 1149 2740 F
1319 2719 1356 2747 14
1381 2707 1681 2750 complementum]
1699 2717 1787 2739 com-

256 2760 462 2795 plementum
480 2757 514 2788 in
531 2758 710 2790 terminum
726 2760 962 2799 generacionis
977 2760 1012 2790 D
