1877 3131
96 609 139 638 44
155 598 176 629 b
196 606 223 630 1.

90 2483 133 2512 44
150 2474 170 2503 b
191 2482 217 2506 2.

978 135 1055 184 158

245 255 287 288 et
321 248 413 297 hoc,
435 247 535 288 licet
562 261 640 300 pro
672 247 765 288 celo
795 253 837 288 et
864 248 1117 300 corporibus
1149 246 1546 299 incorruptibilibus
1574 247 1630 289 sit
1659 247 1701 287 in
1728 261 1783 288 eo

244 317 362 369 quod
386 323 539 356 natum
565 323 628 357 est
652 330 743 357 esse
765 317 1011 369 subjectum
1037 321 1195 364 motus,
1218 320 1367 355 tamen
1390 329 1476 356 non
1499 323 1565 357 est
1588 317 1632 357 in
1653 316 1714 357 eis
1738 316 1782 356 in

243 392 457 438 quantum
480 385 540 426 sic
563 391 663 426 nata
684 392 784 426 sunt
807 398 912 432 esse,
934 384 1009 424 sed
1033 383 1236 425 absoluto
1257 384 1401 434 modo,
1424 385 1664 426 secundum
1687 399 1784 425 esse

244 454 551 507 permanentis.
614 453 718 493 Alia
748 453 884 505 quies,
909 452 1132 505 inproprie
1162 453 1292 502 dicta,
1323 459 1387 493 est
1410 452 1482 493 illa
1511 467 1596 507 que
1620 454 1661 494 in
1685 454 1779 493 celo

243 529 490 575 poneretur,
512 522 545 562 si
577 528 723 571 staret,
748 534 826 561 nec
853 527 918 561 est
948 521 990 560 in
1019 534 1072 561 eo
1104 521 1146 560 in
1170 527 1383 574 quantum
1414 527 1480 562 est
1502 521 1746 576 subjectum
1773 520 1818 575 15

244 597 404 642 motus,
425 604 502 631 nec
536 596 686 630 natum
720 590 896 639 moveri,
921 596 965 630 et
997 595 1062 630 est
1093 602 1249 642 purum
1282 590 1425 639 nichil,
1447 604 1526 632 nec
1548 591 1778 632 fundatum

241 672 368 713 super
390 658 569 711 aliquod
593 672 698 706 esse,
716 665 758 698 et
781 658 880 698 ideo
894 657 995 711 quia
1016 658 1150 698 nichil
1172 665 1250 707 est,
1273 672 1360 699 non
1387 659 1521 700 habet
1548 673 1779 712 compara-

240 728 407 768 cionem
441 728 496 767 ad
528 726 704 779 aliquid,
728 732 770 768 et
803 726 902 767 ideo
931 740 1008 767 nec
1038 727 1094 767 ad
1127 734 1295 768 motum
1327 727 1505 769 alterius
1527 741 1660 781 quarn
1683 729 1779 778 celi,

241 809 320 836 nec
353 797 407 836 ad
441 803 615 849 tempus
648 795 752 848 ejus.
818 787 893 835 Et'
913 795 992 836 hec
1025 796 1337 838 consideranda
1369 803 1481 845 sunt,
1521 798 1556 838 si
1592 797 1776 838 velimus

242 864 382 904 dicere
405 865 521 916 quod
545 864 685 903 celum
710 863 963 904 naturaliter
984 878 1157 919 semper
1179 871 1376 906 movetur
1397 873 1611 919 quantum
1634 873 1698 907 est
1721 867 1775 906 dc
1799 885 1840 907 10

241 946 296 981 56,
321 939 364 973 et
393 945 480 973 non
508 939 572 973 est
601 939 753 973 natum
783 933 1014 985 quiescere,
1038 933 1181 987 posito
1210 939 1358 974 tamen
1384 934 1504 987 quod
1537 935 1775 987 quiesceret

242 1014 318 1054 per
340 1001 602 1053 inpossibile,
624 1007 697 1041 aut
721 1014 799 1054 per
818 1000 1088 1042 voluntatem
1105 1001 1312 1042 divinam.
1375 1002 1532 1043 Tercio
1557 1003 1689 1044 modo
1711 1010 1776 1043 est

241 1069 362 1121 quies
394 1070 581 1122 propria,
603 1084 688 1123 que
720 1076 785 1110 est
817 1070 1028 1110 terminus
1060 1070 1266 1111 naturalis
1296 1070 1430 1125 ipsius
1460 1077 1616 1121 motus,
1642 1077 1685 1112 et
1711 1077 1777 1111 est

241 1138 281 1176 in
307 1138 454 1178 mobili
485 1138 526 1177 in
556 1144 769 1191 quantum
797 1144 946 1178 natum
974 1144 1039 1180 est
1071 1139 1249 1189 moveri,
1272 1145 1316 1180 et
1341 1140 1419 1181 hec
1447 1147 1511 1180 est
1540 1139 1712 1193 proprie
1734 1141 1775 1180 in

237 1213 448 1259 tempore,
474 1213 515 1247 et
535 1213 813 1248 mensuratur
833 1221 859 1248 a
881 1214 1078 1261 tempore
1096 1207 1208 1248 illius
1231 1215 1376 1249 motus
1398 1222 1529 1262 quem
1551 1209 1774 1250 concomi-
1797 1227 1835 1259 15

237 1281 365 1324 tatur,
389 1275 489 1316 licet
512 1289 599 1316 non
623 1277 678 1316 de
699 1290 744 1317 se
766 1276 927 1318 habeat
949 1284 1150 1318 naturam
1174 1278 1468 1319 successionis.
1529 1277 1606 1319 Set
1631 1278 1773 1318 adhuc

238 1344 437 1395 obicitur,
455 1346 572 1397 quod
599 1344 873 1395 Aristoteles,
892 1346 934 1385 in
958 1352 1087 1386 sexto
1105 1345 1397 1397 Plzz'sicorum,
1414 1348 1557 1401 arguit
1580 1347 1772 1400 quietem

241 1414 281 1453 in
304 1421 501 1466 tempore
534 1428 637 1462 esse,
662 1414 763 1468 quia
793 1415 1013 1467 quiescere
1045 1421 1109 1456 est
1141 1429 1187 1456 se
1218 1416 1380 1457 habere
1411 1429 1525 1457 nunc
1557 1422 1604 1456 ut
1641 1416 1774 1469 prius,

239 1495 352 1535 ergo,
377 1483 419 1521 in
443 1495 492 1521 ea
515 1489 580 1523 est
603 1483 719 1536 prius
740 1490 784 1524 et
807 1484 1021 1536 posterius
1043 1484 1283 1525 secundum
1306 1497 1365 1525 se.
1429 1485 1677 1525 Dicendum
1695 1492 1774 1533 est,

239 1552 358 1603 quod
390 1551 474 1591 hoc
506 1564 591 1591 non
625 1560 689 1592 est
711 1554 950 1593 secundum
982 1567 1040 1604 se,
1073 1559 1139 1593 set
1160 1553 1300 1593 solum
1330 1567 1479 1594 verum
1501 1560 1568 1595 est
1589 1554 1769 1594 verbum
1794 1572 1835 1594 20

240 1619 494 1659 Aristotelis
525 1620 580 1660 de
612 1621 757 1672 quiete
790 1628 971 1674 propter
1003 1628 1172 1662 motum
1205 1635 1336 1674 quern
1374 1622 1695 1663 concomitatur
1728 1629 1771 1662 et

239 1700 325 1728 non
347 1690 585 1729 secundum
608 1703 678 1730 se:
713 1691 885 1743 proprie
907 1691 945 1730 ei
968 1696 1116 1731 tamen
1145 1691 1392 1744 assignatur
1413 1704 1458 1730 se
1476 1690 1637 1732 habere
1659 1703 1774 1731 nunc

239 1762 285 1795 ut
308 1757 436 1810 prius,
459 1764 501 1797 et
529 1770 614 1797 non
641 1757 734 1799 aliis
763 1759 996 1811 quietibus,
1027 1760 1231 1812 quoniam
1264 1760 1520 1800 naturaliter
1551 1759 1771 1800 concomi-

237 1830 353 1865 tatur
375 1833 542 1866 motum
566 1832 609 1866 et
630 1833 817 1881 tempus,
840 1840 926 1867 non
949 1829 1007 1867 sic
1030 1828 1122 1868 alie.

301 1965 546 2019 Capz'lulum
571 1969 637 2007 61¹¹.
689 1969 733 2008 in
755 1982 834 2020 qno
865 1968 1115 2009 declaralm‘
1146 1968 1260 2020 quod
1284 1970 1435 2009 auium
1466 1983 1548 2009 72072
1580 1975 1644 2009 est
1675 1968 1769 2009 sub·
1792 1986 1830 2018 25

224 2035 388 2087 jcclmn
413 2037 610 2088 temporis
631 2050 703 2077 nec
724 2038 884 2090 aliquis
904 2044 1041 2078 motus
1061 2038 1201 2078 dictus
1212 2038 1388 2090 precise.
1876 2038 1877 2041 '

237 2206 445 2253 tempore,
468 2202 585 2253 quod
616 2203 670 2242 sit
701 2204 742 2242 in
769 2204 925 2253 anima,
948 2217 1046 2244 cum
1077 2204 1169 2256 ipse
1199 2203 1324 2244 fuerit
1356 2203 1543 2244 multum
1572 2203 1768 2244 literatus

236 2266 398 2319 homo;
431 2275 497 2309 set
533 2277 608 2310 aut
645 2271 761 2312 mala
799 2272 1032 2313 translacio
1066 2278 1109 2313 et
1145 2272 1302 2312 vicium
1345 2271 1645 2312 translacionis
1686 2271 1766 2311 suit

237 2347 366 2376 causa
388 2336 514 2377 huius
541 2339 695 2378 erroris
712 2341 973 2392 apparentis,
992 2347 1069 2381 aut
1084 2341 1175 2393 ipse
1197 2340 1266 2380 hic
1289 2340 1457 2388 erravit,
1481 2340 1591 2380 sicut
1615 2340 1656 2379 in
1672 2340 1765 2379 aliis
1787 2357 1829 2387 30
1865 2341 1876 2354 ¹*

237 2404 382 2443 multis
404 2404 521 2455 locis,
547 2413 593 2446 ut
616 2413 781 2447 tactum
805 2415 868 2448 est
892 2409 933 2448 in
958 2409 1088 2462 priori
1107 2408 1402 2457 distinccione,
1420 2414 1462 2448 et
1486 2408 1527 2446 in
1551 2408 1765 2461 principio

238 2471 357 2511 istius
380 2472 486 2523 libri,
513 2480 556 2514 et
579 2474 684 2514 alias
714 2482 930 2529 tangetur,
954 2478 1063 2518 sicut
1094 2476 1220 2516 suerit
1247 2482 1525 2528 oportunum.
1552 2472 1558 2529 Ι
1588 2475 1763 2517 Aristo-

298 2132 458 2172 Mirum
488 2141 551 2173 est
584 2134 709 2175 valde
735 2137 960 2188 quomodo
992 2135 1196 2188 Averoys
1228 2135 1386 2176 cecidit
1420 2135 1462 2175 in
1496 2148 1680 2176 errorem
1714 2136 1771 2176 de
1852 2142 1866 2340 ⁴

283 2605 318 2632 17
343 2598 596 2638 Phisieorum]
616 2598 658 2628 vi.
676 2608 730 2638 30,
753 2608 802 2637 73.

279 2707 299 2734 6
324 2712 356 2736 tt
373 2730 380 2736 .
402 2729 408 2735 .
427 2730 434 2737 .
458 2707 559 2736 nichil
575 2718 638 2738 om.
659 2708 694 2737 D
781 2707 919 2747 purum]
939 2717 1022 2747 pure
1038 2707 1070 2736 F
1185 2717 1236 2744 21,
1257 2717 1299 2746 23
1315 2707 1576 2748 concomitatur]
1596 2709 1766 2739 concomi-

235 2760 349 2786 tantur
366 2757 429 2786 FD
561 2761 602 2788 26
629 2769 690 2789 nec
708 2783 714 2789 .
734 2783 741 2790 .
762 2783 768 2790 .
787 2760 920 2798 precise
936 2769 1001 2790 om.
1014 2758 1048 2788 D
1137 2758 1260 2799 dictus]
1280 2759 1379 2790 datus
1395 2759 1428 2790 F
1511 2769 1551 2798 27
1576 2760 1761 2800 quomodo]

235 2808 369 2844 quando
386 2808 420 2838 F
546 2819 588 2849 29
611 2810 688 2850 suit]
706 2815 783 2841 sunt
803 2810 834 2840 D
964 2819 1005 2849 32
1029 2810 1143 2851 istius]
1164 2811 1263 2850 hujus
1279 2810 1314 2840 D
