1898 3126
952 98 1032 134 242

224 208 361 243 tatem
401 208 444 242 et
481 213 612 241 omne
648 200 848 240 accidens
885 199 1024 253 ignis;
1070 205 1113 239 et
1150 186 1250 240 ideo
1286 200 1514 253 generacio
1551 202 1756 254 precedet

224 269 531 311 alteracionem
561 282 637 321 per
668 277 883 317 naturam,
906 268 941 308 si
974 267 1033 308 ibi
1066 273 1179 308 esset
1211 268 1432 309 alteracio.
1495 268 1621 319 Item,
1654 283 1752 310 cum

224 339 427 380 alteracio
464 344 528 378 est
565 351 590 377 a
627 337 824 389 subjecto
858 337 899 376 in
939 336 1185 389 subjectum
1218 342 1318 377 actu
1357 337 1548 378 existens
1585 338 1628 377 in
1664 352 1757 379 esse

225 405 442 459 specifico,
481 413 529 447 ut
565 405 830 446 Aristoteles
871 405 1148 453 determinat,
1183 418 1270 444 non
1305 405 1386 446 erit
1426 405 1496 445 hic
1536 406 1755 457 alteracio,

224 489 321 515 cum
358 488 444 515 non
477 475 530 515 sit
563 474 809 527 subjectum
845 486 1027 513 manens
1062 473 1104 513 in
1139 479 1249 523 actu,
1272 480 1336 514 set
1370 487 1446 514 ens
1481 474 1524 514 in
1556 475 1793 528 potencia5

56 559 96 589 1).
115 557 154 597 63
174 558 204 588 b,
227 559 304 597 pro
327 543 536 596 subjecto.
601 542 858 596 Subjectum
881 542 995 581 enim
1014 548 1195 583 vocatur
1216 542 1286 582 hic
1307 543 1518 584 terminus
1543 544 1547 596 Ι
1568 544 1755 585 affirma-

224 621 305 661 tus,
330 619 377 653 ut
409 612 572 661 album,
599 612 782 663 nigrum,
812 616 877 650 set
909 609 1121 650 terminus
1154 611 1448 664 generacionis
1484 625 1509 652 a
1545 626 1632 665 quo
1669 625 1756 653 non

224 688 288 722 est
314 695 403 731 ens,
426 687 469 720 et
501 681 598 720 ideo
631 692 716 720 non
749 685 815 720 est
840 693 866 719 a
894 679 1091 732 subjecto
1113 679 1156 718 in
1180 679 1440 732 subjectum,
1462 686 1527 721 set
1548 681 1756 722 alteracio

225 757 290 791 est
325 764 351 789 a
383 749 582 801 subjecto
618 748 659 787 in
694 747 938 800 subjectum
977 754 1023 788 ut
1058 747 1114 788 ab
1148 747 1250 789 albo
1282 749 1324 788 in
1356 748 1538 802 nigrum,
1560 764 1585 790 a
1615 749 1756 791 calido

225 820 267 858 in
301 817 520 870 frigidum.
583 816 643 857 Et
675 821 853 870 propter
883 815 965 856 hoc
1000 816 1230 857 dicendum
1273 823 1339 858 est
1379 819 1499 870 quod
1535 817 1656 859 nulla
1691 825 1757 860 est
1780 837 1819 858 10

225 888 292 927 hic
323 885 539 935 alteracio,
562 885 662 938 quia
696 884 765 925 hic
796 897 882 924 non
913 891 1144 937 generatur
1174 885 1377 926 accidens
1409 886 1490 925 nisi
1519 900 1594 939 per
1623 900 1756 941 gene-

226 955 443 996 racionem
485 953 669 1006 subjecti
712 954 778 993 sui
813 952 1012 1006 subjecto
1051 954 1272 994 communi
1315 955 1533 996 existente
1573 962 1673 996 ente
1716 956 1758 995 in

227 1023 428 1078 potencia
469 1028 512 1063 et
554 1036 641 1063 non
679 1022 722 1062 in
763 1028 875 1071 actu,
912 1023 1029 1075 quod
1067 1029 1133 1063 est
1177 1023 1360 1063 materia
1400 1024 1618 1065 naturalis.
1698 1024 1758 1065 Et

226 1093 325 1133 ideo
358 1098 422 1132 est
454 1092 513 1131 ibi
544 1092 774 1143 generacio
808 1091 1057 1132 substancie
1088 1104 1173 1143 que
1195 1098 1373 1132 vocatur
1403 1093 1631 1144 generacio
1656 1093 1759 1133 sim-

226 1162 330 1215 plex
372 1160 441 1200 vel
482 1160 748 1214 simpliciter,
790 1167 832 1200 et
874 1160 1102 1213 generacio
1154 1160 1389 1200 accidentis
1444 1175 1529 1214 que
1581 1168 1816 1210 vocatur15

227 1230 456 1283 generacio
488 1230 722 1270 secundum
755 1230 874 1282 quid.
950 1229 1081 1270 Unde
1114 1242 1267 1270 omnes
1301 1229 1613 1283 disposiciones
1649 1231 1761 1271 inter

227 1299 476 1352 potenciam
507 1299 688 1339 materie
723 1304 766 1340 et
804 1297 1006 1338 ultimum
1049 1304 1195 1339 actum
1228 1306 1329 1340 sunt
1363 1300 1525 1352 gradus
1558 1298 1759 1340 substan-

226 1368 353 1408 ciales
387 1375 429 1408 et
468 1367 585 1407 nulla
619 1367 912 1408 accidentalis.
978 1366 1257 1421 Impossibile
1289 1368 1404 1408 enim
1437 1375 1504 1409 est
1535 1368 1616 1409 hoc
1650 1369 1758 1410 sicut

226 1437 459 1489 probatum
490 1443 569 1477 est.

292 1596 535 1649 Capitulum
568 1603 633 1636 2¹¹¹.
694 1596 745 1636 dc
778 1596 1012 1638 intencione
1043 1604 1086 1637 et
1114 1597 1362 1638 remissione
1395 1597 1535 1645 forme
1565 1596 1760 1636 subslan-
1781 1614 1824 1636 20

225 1666 356 1706 ciali&

290 1779 380 1819 Sed
423 1785 523 1819 tunc
560 1778 733 1831 gravior
766 1778 949 1819 occurrit
990 1779 1227 1820 dubitacio.
1291 1778 1339 1820 Si
1383 1779 1498 1820 enim
1540 1779 1619 1820 hec
1661 1786 1762 1820 sunt

90 1871 127 1902 70
145 1872 161 1892 a
183 1870 211 1892 2,
231 1861 342 1897 vera,
363 1855 465 1888 tunc
488 1848 737 1888 substancia
764 1847 945 1900 suscipit
970 1848 1106 1900 magis
1138 1854 1181 1888 et
1208 1848 1350 1888 minus
1378 1848 1420 1888 in
1446 1850 1450 1902 Ι
1474 1848 1760 1902 generacione

232 1930 330 1956 cum
369 1916 616 1957 extrahitur
656 1917 711 1958 de
752 1917 956 1970 potencia
997 1918 1053 1958 ad
1091 1924 1254 1968 actum,
1285 1924 1330 1959 et
1371 1917 1575 1971 suscipiet
1617 1916 1756 1957 inten-

229 1985 398 2025 cionem
418 1991 460 2025 et
479 1985 788 2035 remissionem,
807 1991 850 2026 et
872 1985 954 2026 hoc
977 1986 1133 2026 iterum
1155 1987 1368 2040 probatur
1383 2000 1459 2040 per
1475 1985 1761 2027 Aristotelem
1783 2005 1819 2035 25

230 2054 271 2092 in
315 2058 358 2105 70
379 2052 673 2103 Plzisicormn,
709 2054 783 2095 ubi
824 2054 928 2094 dicit
969 2055 1089 2107 quod
1132 2055 1272 2108 majus
1315 2061 1358 2096 et
1401 2055 1541 2095 minus
1582 2061 1684 2096 sunt
1720 2054 1761 2093 in

231 2122 488 2174 quantitate,
517 2122 657 2176 magis
684 2129 728 2164 et
754 2123 894 2163 minus
921 2124 962 2163 in
995 2123 1220 2176 qualitate.
1284 2124 1334 2164 In
1379 2123 1629 2164 substancia
1659 2135 1762 2162 vero

231 2197 332 2231 sunt
377 2191 624 2231 differencie
676 2191 934 2232 intencionis
986 2198 1030 2232 et
1081 2192 1357 2243 remissionis,
1408 2199 1475 2233 set
1525 2205 1612 2232 non
1661 2196 1761 2231 sunt

234 2259 470 2300 nominate.
534 2259 592 2301 Et
630 2260 788 2300 iterum
826 2261 867 2300 in
907 2261 950 2299 8⁰
986 2260 1298 2313 liffetllapllisice
1334 2261 1439 2302 dicit
1477 2261 1595 2314 quod
1625 2259 1763 2300 forma

233 2329 535 2370 substancialis
558 2343 655 2370 cum
687 2330 867 2370 materia
894 2330 1046 2383 recipit
1070 2331 1209 2383 magis
1232 2335 1275 2371 et
1306 2331 1444 2370 minus
1473 2336 1515 2370 et
1538 2328 1763 2380 Averroys
1784 2347 1825 2378 30

278 2471 319 2499 26
343 2471 596 2511 Phisieorum]
616 2471 669 2502 vii.
691 2480 731 2509 25
749 2481 821 2510 sqq.
1029 2481 1071 2510 29
1096 2469 1390 2511 Methaphisiee]
1408 2471 1474 2500 viii.
1496 2480 1543 2500 10.

278 2624 297 2651 3
323 2613 355 2642 in
372 2613 558 2651 subjectum
576 2623 642 2643 om.
661 2613 696 2642 D
904 2613 924 2642 8
949 2622 1015 2643 non
1031 2617 1083 2643 est
1099 2622 1165 2642 om.
1184 2611 1219 2641 D
1434 2621 1472 2650 15
1496 2611 1551 2641 vel
1567 2610 1767 2651 simpliciter

235 2675 300 2694 om.
321 2664 356 2693 D
510 2666 548 2695 16
573 2664 671 2704 quid]
689 2664 777 2703 quod
794 2664 828 2694 D
982 2674 1087 2694 20—21
1114 2663 1306 2703 Capitulum
1326 2689 1332 2695 .
1351 2685 1359 2694 .
1380 2688 1386 2695 .
1404 2662 1641 2694 substancialis
1657 2671 1722 2694 om.
1738 2661 1771 2691 F

234 2725 274 2754 23
299 2716 406 2754 magis
423 2721 457 2747 et
473 2726 538 2747 om.
559 2715 593 2745 D
756 2727 796 2754 24
820 2716 1000 2757 suscipiet]
1017 2716 1179 2756 suscipiat
1196 2715 1231 2746 D
1398 2726 1438 2754 27
1463 2714 1561 2755 vero]
1578 2714 1719 2753 quedam
1739 2714 1772 2744 F

238 2768 278 2796 28
299 2773 348 2807 pr.
367 2768 463 2808 sunt]
482 2773 561 2799 sunt
578 2769 715 2807 quidem
732 2768 765 2797 D
