1898 3126
120 1388 241 1427 59b1.

41 1729 155 1767 F.104
178 1739 196 1759 a
218 1737 242 1758 1.

989 103 1070 143 208

267 217 534 268 Aristotelis,
568 217 610 256 in
648 216 842 269 capitulo
874 215 924 256 de
959 231 1100 267 vacuo,
1133 216 1232 257 licet
1271 216 1404 268 aliqui
1441 228 1528 255 non
1564 214 1793 254 advertant

266 299 362 325 eam
406 292 584 339 propter
627 285 787 326 malam
830 285 1176 326 translacionem.
1256 285 1316 326 Et
1359 285 1393 324 si
1431 284 1521 338 ipse
1563 296 1659 323 eam
1706 295 1793 322 non

266 360 459 406 poneret,
479 362 628 395 tamen
651 367 737 393 non
761 354 893 394 habet
919 354 1296 408 impedimentum.
1360 352 1504 394 Stabit
1533 352 1663 404 igitur
1692 364 1792 392 con-

265 423 410 472 clusio,
448 425 569 475 quod
608 423 863 476 inpossibile
897 429 963 462 est
1007 429 1175 464 motum
1213 430 1256 463 et
1298 422 1591 463 mutacionem
1626 419 1714 460 fieri
1750 420 1792 459 in

262 505 414 542 vacuo,
438 498 480 532 et
503 492 601 532 ideo
623 505 809 532 vacuum
839 504 925 531 non
955 491 1097 531 solum
1129 504 1213 531 non
1243 497 1307 531 est
1336 489 1625 531 necessarium
1651 489 1791 529 motui
1813 507 1829 536 5

265 558 404 607 locali,
427 566 491 599 set
516 560 695 600 destruit
720 566 886 599 motum
911 559 1105 600 localem.

322 627 398 668 Ad
431 628 630 681 primum,
663 628 896 668 dicendum
936 634 1002 668 est
1033 628 1151 679 quod
1192 626 1478 668 Comentator
1513 626 1704 679 loquitur
1738 626 1793 665 de

267 702 388 736 motu
427 696 611 736 naturali
650 703 692 736 et
725 709 809 736 non
842 695 1040 746 naturali,
1071 703 1248 749 propter
1280 696 1409 736 medii
1443 696 1793 749 disposicionem,

266 765 379 804 unde
403 770 548 804 motus
570 764 900 814 elementorum,
923 765 1025 816 quia
1049 777 1180 816 purus
1203 764 1412 804 naturalis
1435 771 1513 815 est,
1535 778 1622 805 non
1645 769 1793 816 posset

264 832 375 872 alico
399 833 533 872 modo
556 832 645 872 fieri
664 833 706 872 in
724 846 874 882 vacuo,
893 833 972 872 etsi
991 833 1163 873 cederet
1183 847 1191 882 ;
1223 839 1288 873 set
1311 834 1412 886 quia
1430 839 1574 873 motus
1593 831 1792 873 animalis

266 908 329 941 est
366 900 645 950 voluntarius,
683 908 727 941 et
764 914 848 940 non
893 907 958 941 est
999 901 1209 941 naturalis
1247 915 1300 942 eo
1343 902 1476 942 modo
1517 915 1604 955 quo
1648 907 1794 942 motus

262 968 606 1019 cle111entorum;
652 970 764 1019 ideo,
807 969 1082 1010 considerato
1121 970 1201 1010 hoc
1243 971 1367 1017 bene,
1409 970 1531 1012 fieret
1572 971 1615 1010 in
1655 982 1794 1010 vacuo

264 1044 406 1077 motus
439 1038 710 1090 processivus
733 1038 766 1078 si
789 1051 973 1079 vacuum
1004 1039 1188 1088 cederet,
1212 1045 1255 1080 et
1276 1039 1359 1080 hoc
1381 1039 1524 1080 solum
1547 1038 1793 1080 considerat

265 1105 500 1159 Averroys.
564 1106 642 1147 Set
666 1107 765 1159 quia
791 1120 877 1147 non
901 1108 1029 1155 cedit,
1051 1108 1150 1148 ideo
1174 1121 1251 1148 nec
1275 1109 1547 1160 processivus
1577 1121 1653 1148 nec
1685 1105 1793 1146 alius

264 1179 408 1225 potest
439 1175 480 1214 in
513 1189 566 1216 eo
598 1175 700 1214 fieri.
779 1175 856 1216 Ad
888 1175 1004 1216 aliud
1038 1176 1271 1217 dicendum
1304 1184 1368 1218 est
1401 1177 1520 1229 quod
1553 1189 1639 1217 non
1671 1175 1793 1215 fieret
1835 1191 1850 1219 5

266 1249 410 1283 motus
434 1242 590 1296 lapidis
614 1244 734 1297 cujus
758 1244 971 1285 medietas
992 1252 1107 1286 esset
1135 1246 1177 1285 in
1199 1259 1349 1295 vacuo,
1376 1245 1478 1298 quia
1499 1257 1683 1286 vacuum
1707 1255 1793 1283 non

264 1318 330 1352 est
375 1313 569 1352 medium
612 1313 819 1354 naturale.
900 1312 977 1354 Set
1014 1313 1084 1355 hic
1120 1327 1206 1354 non
1241 1314 1414 1355 videtur
1450 1315 1570 1367 quod
1606 1325 1793 1354 vacuum

267 1380 462 1432 inpediat
485 1381 588 1434 quia
610 1395 697 1422 non
720 1382 862 1432 cedat,
881 1389 923 1423 et
945 1383 1048 1435 quia
1072 1383 1282 1423 medietas
1303 1382 1305 1437 Ι
1327 1383 1483 1437 lapidis
1507 1389 1571 1423 est
1595 1383 1638 1422 in
1655 1394 1793 1422 vacuo

262 1448 354 1500 jam
396 1450 507 1489 sicut
551 1449 591 1489 in
635 1450 744 1500 loco,
786 1451 960 1501 scilicet,
997 1452 1108 1492 inter
1144 1459 1291 1505 partes
1323 1451 1440 1504 ejus3
1486 1466 1599 1505 ergo,
1632 1450 1794 1504 poterit

265 1517 546 1567 descendere,
579 1532 663 1558 non
698 1520 974 1560 obstantibus
1008 1521 1351 1562 dimensionibus
1389 1521 1494 1573 ejus,
1525 1527 1569 1561 et
1609 1519 1691 1560 hoc
1727 1525 1794 1560 est

264 1599 448 1626 vacuum
473 1587 575 1639 quia
592 1588 683 1640 jam
707 1588 875 1641 positus
898 1594 962 1629 est
981 1588 1090 1642 lapis
1108 1589 1149 1628 in
1173 1589 1267 1642 ipso
1284 1602 1434 1638 vacuo,
1451 1594 1494 1629 et
1513 1588 1794 1629 descenderet

267 1654 349 1694 nisi
383 1655 486 1707 quia
517 1669 701 1695 vacuum
734 1669 820 1696 non
854 1663 919 1697 est
951 1658 1142 1698 medium
1176 1657 1383 1698 naturale.
1447 1657 1525 1698 Set
1557 1657 1626 1697 hic
1657 1657 1794 1697 oritur

270 1722 408 1775 major
444 1725 627 1776 questio,
660 1731 703 1765 et
736 1731 826 1766 est:
871 1727 1017 1779 posito
1048 1727 1166 1779 quod
1199 1740 1384 1767 vacuum
1421 1725 1614 1779 ceEderet,
1647 1731 1792 1766 utrum

271 1791 388 1831 fieret
413 1793 724 1834 transmutacio
747 1793 790 1833 in
819 1808 871 1835 eo
893 1800 1103 1847 tempore,
1123 1794 1192 1834 vel
1215 1795 1257 1834 in
1283 1795 1474 1836 instanti.
1537 1795 1595 1836 Et
1621 1795 1794 1836 videtur

1816 847 1852 869 10

1814 1537 1852 1557 20

269 1873 346 1913 per
375 1861 653 1901 autoritatem
692 1868 734 1902 θῖ
772 1862 1194 1904 demonstracionem
1236 1863 1488 1904 Aristotelis
1520 1865 1638 1916 quod
1672 1863 1792 1903 fieret
1814 1880 1850 1910 25.

266 1928 359 1969 sola
390 1929 583 1970 mutacio
606 1930 648 1969 in
678 1929 856 1970 instanti
887 1937 929 1972 et
961 1945 1047 1971 non
1080 1938 1237 1979 motus,
1259 1932 1360 1985 quia
1381 1933 1505 1973 vacui
1528 1933 1582 1973 ad
1615 1931 1791 1985 plenum

264 2010 348 2036 non
373 2003 437 2037 est
461 1999 693 2050 proporcio
711 2013 720 2049 ;
753 2013 868 2052 ergo,
887 2013 964 2041 nec
986 2001 1297 2041 transmutacio
1319 2001 1432 2042 facta
1449 2001 1491 2040 in
1509 2001 1637 2054 pleno
1659 1999 1792 2041 habet

265 2067 600 2118 proporcionem
623 2069 677 2108 ad
701 2070 1118 2110 transmutacionem
1141 2070 1183 2109 in
1205 2083 1355 2110 vacuo.
1419 2069 1496 2110 Set
1522 2068 1594 2109 illa
1620 2082 1704 2121 que
1727 2076 1791 2109 est

262 2135 307 2173 in
329 2134 474 2187 plenO,
492 2142 556 2175 est
579 2136 621 2175 in
645 2142 866 2190 tempore;
900 2151 1016 2192 ergo,
1032 2152 1131 2178 cum
1150 2138 1292 2178 omnis
1313 2138 1526 2190 temporis
1543 2138 1598 2178 ad
1618 2144 1793 2191 tempus

266 2208 331 2242 est
359 2201 507 2255 aliqua
537 2206 780 2257 proporcio,
803 2206 1117 2247 transmutacio
1148 2207 1262 2247 facta
1295 2206 1337 2246 in
1358 2219 1497 2246 vacuo
1530 2219 1617 2246 non
1649 2205 1723 2246 fiet
1750 2206 1792 2245 in

268 2277 480 2322 tempore,
503 2277 545 2312 et
570 2272 630 2312 ita
653 2273 693 2312 in
718 2273 923 2325 instanti;
956 2281 999 2316 et
1028 2275 1088 2315 sic
1117 2275 1199 2315 erit
1228 2274 1419 2315 mutacio
1451 2280 1494 2314 et
1523 2287 1609 2314 non
1633 2279 1790 2314 motus.

272 2339 396 2386 Item,
418 2341 657 2380 secundum
680 2341 979 2383 diversitatem
1010 2343 1140 2384 medii
1167 2343 1208 2382 in
1238 2342 1457 2383 densitate
1478 2348 1520 2383 et
1543 2343 1721 2383 raritate
1743 2341 1792 2383 fit

314 2471 326 2490 1
355 2464 399 2491 de
418 2462 551 2502 vacuo]
570 2461 669 2502 Phys.
688 2464 731 2495 iv.
751 2465 865 2502 50-86.

314 2575 326 2594 1
354 2566 544 2606 advertant]
562 2567 777 2598 addiscerant
793 2568 827 2597 D
1035 2580 1054 2607 4
1079 2568 1128 2609 et]
1145 2579 1206 2599 nec
1223 2568 1287 2599 FD
1497 2579 1517 2607 9
1540 2567 1635 2609 quia]
1652 2569 1741 2608 quod
1757 2568 1792 2599 D

273 2625 282 2643 1
295 2625 305 2644 1
335 2617 513 2658 naturalis]
532 2622 641 2649 motus
659 2619 820 2649 naturalis
836 2619 871 2648 D
998 2620 1037 2650 18
1061 2620 1176 2661 cedat]
1194 2620 1282 2651 cedit
1297 2620 1331 2650 D
1419 2625 1452 2650 et
1468 2619 1562 2661 quia]
1580 2630 1622 2651 eo
1636 2621 1727 2659 quod
1742 2620 1788 2651 F:

265 2671 299 2696 et
328 2668 417 2705 quod
445 2668 480 2697 D
635 2680 672 2699 21
701 2670 752 2710 in]
771 2680 844 2700 cum
862 2670 898 2700 D
1044 2682 1086 2711 23
1110 2671 1236 2712 posito]
1255 2671 1366 2710 posita
1382 2671 1416 2702 D
1571 2682 1611 2710 24
1636 2676 1790 2711 tempore

263 2717 317 2746 vel
334 2717 367 2747 in
386 2718 543 2760 instanti]
559 2720 708 2757 subjecto
726 2721 778 2751 ve]
795 2722 988 2752 successive
1005 2722 1040 2752 D
1175 2725 1217 2753 26
1240 2722 1334 2763 quia]
1351 2722 1506 2761 quoniam
1526 2723 1558 2752 F
1691 2723 1733 2753 28
1757 2723 1788 2751 in

261 2768 383 2809 vacuo]
402 2769 523 2800 factam
540 2770 558 2800 i.
578 2781 609 2801 v.
629 2771 663 2800 D
796 2783 837 2812 29
860 2772 919 2813 ad]
937 2773 1026 2804 aliud
1044 2774 1078 2803 D

1812 2223 1852 2254 30
