1898 3126
34 222 69 252 κ’.
93 221 152 253 106
171 232 188 251 a
209 232 236 253 2.

113 632 235 670 65a2.

983 97 1064 137 226

258 210 411 250 iterum
448 217 514 251 est
550 210 815 262 impossibile.
879 210 1004 258 Item,
1042 210 1146 249 dum
1191 210 1353 249 mobile
1390 216 1454 250 est
1492 210 1686 250 totaliter
1713 208 1718 264 Ι
1747 211 1788 250 in

257 279 444 319 termino
465 293 489 319 a
516 293 617 331 quo,
640 292 725 319 non
751 284 974 326 movetur3
1006 278 1112 318 dum
1144 278 1338 318 totaliter
1359 285 1424 319 est
1449 279 1490 318 in
1518 279 1705 319 termino
1733 280 1789 320 ad

257 361 401 400 quem,
428 361 514 388 non
538 347 585 387 fit
613 354 770 395 motus,
794 347 897 399 quia
915 346 1006 398 jam
1031 352 1201 386 motum
1224 353 1300 394 est,
1329 354 1372 387 et
1394 347 1578 400 quiescit
1601 346 1790 397 mobile;

257 429 360 468 ergo
383 429 469 456 non
494 416 739 456 movebitur
761 415 842 455 nisi
865 415 1026 467 partim
1050 414 1106 454 sit
1123 414 1165 453 in
1188 415 1374 455 termino
1397 430 1421 455 a
1440 428 1542 467 quo,
1564 421 1607 455 et
1629 415 1789 469 partim

257 485 297 523 in
328 485 517 524 termino
548 486 603 525 ad
637 497 778 537 quem.
846 483 925 524 Set
957 482 1217 535 impartibile,
1249 489 1296 522 ut
1328 483 1520 536 angelus,
1544 497 1631 524 non
1658 483 1790 524 habet
1809 503 1826 535 5

256 560 425 605 partem
453 559 495 593 et
519 560 706 606 partem,
728 552 840 592 sicut
861 564 938 590 nec
971 556 1186 603 punctus;
1219 558 1262 591 et
1287 551 1398 600 ideo,
1422 565 1506 592 non
1530 553 1787 593 movebitur.

258 621 317 661 Et
345 620 350 675 Ι
379 622 458 662 hee
485 628 584 662 sunt
607 620 1008 662 demonstraciones
1030 618 1296 670 Aristotelis,
1318 633 1395 673 per
1418 633 1524 672 quas
1546 621 1791 661 ostenditur

256 691 373 742 quod
421 690 669 743 impartibile
705 702 791 729 non
831 688 1109 735 movebitur3
1155 701 1273 739 ergo,
1308 690 1341 728 si
1384 691 1540 729 transit
1580 689 1789 743 spacium,

255 760 455 800 transibit
479 760 520 798 in
545 759 735 807 instanti,
758 765 801 798 et
823 758 904 798 erit
928 757 1118 797 mutacio
1141 763 1182 796 et
1210 770 1296 797 mon
1319 764 1478 798 motus.

317 827 396 867 Set
436 827 505 867 hic
543 828 831 880 respondetur
873 825 991 878 quod
1039 824 1157 865 aliud
1196 831 1260 865 est
1293 827 1349 865 de
1387 826 1623 880 impartibili
1668 827 1788 879 quod
1812 845 1851 868 ιο

257 909 343 937 non
375 896 655 936 commetitur
687 909 731 934 se
758 895 956 948 partibus
985 894 1120 946 spacii
1152 894 1440 934 divisibilibus
1468 908 1609 948 neque
1636 895 1789 936 indivi-

258 965 463 1014 sibilibus,
494 966 603 1005 sicut
632 971 697 1004 est
719 963 899 1017 angelus
920 962 987 1003 vel
1010 963 1165 1003 anima.
1224 963 1340 1003 Nam
1364 965 1451 1004 duo
1475 964 1615 1017 prima
1642 964 1790 1004 incon-

257 1034 480 1074 veniencia
523 1047 608 1073 non
649 1039 892 1085 sequuntur
935 1031 1016 1071 hic.
1072 1038 1120 1071 ut
1169 1032 1346 1081 dicunt3
1396 1033 1499 1085 quia
1540 1032 1790 1073 substancia

258 1102 493 1155 spiritualis
515 1103 647 1143 situm
667 1115 757 1142 non
780 1101 927 1150 habet,
950 1107 1015 1141 set
1038 1101 1194 1140 transit
1213 1102 1253 1140 in
1277 1108 1476 1154 tempore
1497 1108 1678 1155 propter
1698 1100 1790 1140 fini-

258 1176 392 1210 tatem
416 1171 599 1218 virtutis,
624 1176 666 1210 et
685 1183 771 1210 non
801 1169 1084 1209 commetitur
1097 1182 1142 1208 se
1167 1170 1326 1221 spacio,
1350 1176 1391 1210 et
1410 1170 1508 1210 ideo
1523 1170 1655 1211 tercia
1673 1170 1788 1210 racio
1812 1189 1849 1222 15

258 1251 343 1278 non
365 1239 499 1279 habet
522 1239 681 1280 locum.
756 1239 874 1279 Nam
897 1251 995 1278 cum
1020 1237 1136 1284 dicit,
1159 1239 1277 1291 quod
1302 1252 1432 1278 omne
1449 1239 1566 1291 quod
1592 1246 1789 1280 movetur

260 1308 419 1359 partim
452 1314 516 1348 est
540 1309 581 1347 in
604 1309 790 1348 termino
813 1320 838 1346 a
867 1320 969 1359 quo,
990 1308 1149 1360 partim
1172 1308 1214 1347 in
1242 1308 1431 1348 termino
1461 1308 1515 1348 ad
1539 1321 1683 1360 quem,
1705 1308 1788 1349 hoc

257 1382 321 1415 est
342 1389 491 1416 verum
515 1377 570 1416 de
598 1391 650 1417 eo
678 1377 796 1428 quod
830 1383 1158 1416 commensurat
1179 1390 1224 1416 se
1253 1377 1596 1417 dimensionibus
1625 1377 1788 1430 spacii3

258 1450 323 1484 set
347 1444 596 1485 substancia
617 1444 857 1499 spiritualis
881 1457 966 1484 non
984 1445 1348 1497 proporcionatur
1364 1459 1442 1486 mec
1465 1452 1788 1487 commensurat

259 1527 304 1553 se
327 1513 673 1554 dimensionibus
696 1513 842 1566 spacii.
1809 1535 1852 1557 «ιο

318 1580 395 1622 Set
443 1588 594 1622 contra
644 1582 755 1622 hanc
810 1583 1135 1635 responsionem
1179 1589 1257 1632 est,
1299 1584 1500 1635 quamvis
1540 1584 1790 1624 substancia

258 1650 494 1702 spiritualis
537 1663 623 1690 non
664 1652 825 1691 habeat
871 1651 1018 1698 situm,
1061 1657 1105 1691 et
1144 1659 1330 1704 punctus
1371 1652 1503 1692 situm
1542 1652 1704 1692 habeat
1745 1658 1789 1692 et

258 1719 529 1772 posicionem
580 1719 679 1761 licet
721 1720 978 1773 simplicem,
1020 1733 1107 1761 non
1158 1727 1337 1774 propter
1383 1722 1466 1761 hoc
1510 1721 1789 1774 inpedientur

260 1788 455 1828 raciones
488 1790 693 1840 predicte.
771 1789 887 1842 Quia
909 1796 984 1830 aut
1012 1790 1092 1830 erit
1123 1789 1307 1842 angelus
1340 1790 1382 1830 in
1413 1790 1508 1830 loco
1538 1790 1788 1831 indivisibili

259 1864 332 1897 aut
363 1857 562 1898 divisibili
585 1871 593 1906 3
629 1859 663 1898 si
694 1858 956 1908 indivisibili,
978 1859 1045 1899 vel
1072 1872 1250 1912 presens
1272 1859 1371 1900 1060
1404 1859 1496 1910 tali,
1519 1865 1562 1900 et
1584 1860 1788 1900 determi-
1811 1875 1850 1908 25

265 1926 387 1966 nabit
409 1926 489 1965 sibi
524 1927 669 1967 locum
703 1927 1022 1977 indivisibilem,
1045 1928 1105 1968 ita
1134 1927 1254 1980 quod
1283 1927 1341 1967 ibi
1373 1934 1439 1968 est
1463 1928 1570 1968 dum
1592 1928 1787 1981 quiescit,

258 2001 300 2034 et
324 2008 409 2034 non
428 1996 530 2036 alibi
550 2012 559 2045 ;
593 1997 692 2036 licet
710 2010 796 2037 nom
813 1997 1127 2037 commeciatur
1140 2011 1186 2037 se
1204 1997 1264 2036 illi
1283 1997 1531 2038 indivisibili
1549 2011 1626 2051 per
1640 1997 1788 2046 situm,

258 2065 368 2104 sicut
406 2065 663 2106 indivisibile
700 2066 935 2118 corporale,
968 2067 1087 2120 quod
1124 2073 1191 2107 est
1228 2071 1414 2119 punctus
1454 2066 1524 2106 vel
1564 2072 1787 2115 attomus3

257 2139 360 2173 tunc
394 2135 546 2174 eadem
582 2135 936 2175 inconveniencia
958 2142 1179 2188 sequntur.
1240 2136 1356 2175 Nam
1383 2136 1438 2175 sit
1461 2135 1506 2175 A
1531 2134 1788 2176 indivisibile

258 2202 300 2240 in
334 2203 489 2254 spacio,
522 2204 590 2242 cui
623 2217 800 2257 presens
827 2204 883 2244 sit
904 2204 1099 2257 angeIUS,
1121 2210 1164 2244 et
1195 2210 1262 2244 est
1293 2204 1504 2244 terminus
1536 2217 1561 2243 a
1592 2217 1679 2257 quo
1712 2202 1787 2243 fiet
1807 2219 1850 2250 30

259 2276 433 2318 motus;
467 2278 511 2312 et
544 2271 578 2310 B
610 2273 665 2311 sit
694 2272 954 2312 indivisibile
986 2273 1118 2324 aliud,
1139 2273 1259 2326 quod
1292 2273 1348 2313 sit
1380 2273 1590 2313 terminus
1622 2273 1787 2325 primus

259 2339 662 2380 immediatissimus
694 2341 748 2380 ad
782 2355 912 2394 quem
948 2342 1194 2382 movebitur
1226 2341 1419 2395 angelus,
1453 2348 1495 2381 et
1521 2342 1588 2381 cui
1611 2354 1788 2394 presens

259 2407 331 2447 fiet
356 2421 431 2460 per
454 2414 636 2459 motum,
658 2409 758 2450 licet
787 2410 824 2449 ei
852 2423 937 2451 non
959 2416 1336 2450 commensuretur
1367 2423 1446 2463 per
1475 2410 1621 2459 situm,
1643 2416 1709 2450 set
1731 2409 1786 2450 sit

297 2524 316 2552 3
340 2514 468 2554 motus]
498 2525 562 2545 om.
590 2515 622 2544 F
764 2526 783 2553 4
808 2516 1014 2557 movebitur]
1041 2521 1195 2547 movetur
1221 2516 1253 2546 F
1400 2518 1420 2545 6
1445 2521 1477 2546 et
1504 2521 1633 2556 partem
1661 2527 1727 2547 om.
1758 2516 1792 2546 F

260 2575 297 2595 10
321 2565 520 2606 impartibili]
538 2566 677 2597 motibili
694 2567 729 2596 D
851 2577 888 2606 13
911 2567 966 2598 hic
983 2578 1051 2598 om.
1068 2567 1118 2598 F:
1143 2567 1194 2598 his
1211 2567 1246 2597 D
1368 2568 1406 2597 18
1429 2567 1484 2607 se]
1502 2578 1539 2598 se
1556 2568 1671 2607 spacio
1688 2568 1742 2598 vel
1758 2568 1791 2596 F

261 2627 298 2654 19
322 2623 569 2648 commensurat
593 2642 600 2649 .
628 2641 636 2649 .
662 2642 669 2649 .
700 2619 822 2659 spacii]
851 2619 1217 2649 commemsuracionem
1242 2620 1283 2649 ad
1312 2619 1532 2657 quantitatem
1555 2619 1661 2658 spacii
1684 2618 1786 2648 ΕΒΖ)

257 2677 296 2706 25
314 2668 359 2708 si]
377 2673 429 2699 set
445 2669 478 2699 in
496 2669 547 2699 F:
571 2670 598 2699 si
617 2670 649 2699 in
667 2670 699 2699 Β
797 2670 869 2711 tali]
886 2671 956 2709 tali,
980 2671 1034 2701 vel
1051 2671 1107 2702 tali
1122 2671 1220 2701 FBD
1361 2681 1401 2710 27
1427 2671 1680 2711 commeciatur]
1697 2681 1784 2702 com—

256 2725 429 2750 mensuret
444 2720 477 2749 F
615 2731 657 2760 29
680 2722 861 2762 sequntur]
878 2728 1067 2761 sequentur
1083 2722 1146 2752 FB
1287 2733 1325 2762 31
1352 2723 1441 2753 aliud
1457 2722 1564 2763 quod]
1580 2723 1622 2753 ad
1640 2732 1740 2762 quern
1757 2722 1790 2752 F

256 2779 292 2806 31
322 2775 353 2799 et
371 2770 677 2802 immediatissimus
693 2782 759 2803 om.
782 2773 815 2801 D
