1898 3126
39 844 80 867 ³0

39 1532 82 1554 20

43 1876 82 1905 25

44 2219 86 2249 30

830 106 909 150 273

94 221 223 260 aque,
245 207 368 260 cujus
390 207 561 260 signum
593 215 659 248 est
691 209 809 260 quod
833 208 874 247 in
896 220 1047 248 eorum
1070 208 1262 250 confinio
1285 209 1332 250 fit
1354 209 1494 250 lutum
1517 212 1635 262 quod

98 289 176 317 nec
212 281 278 316 est
310 289 418 328 pura
449 282 564 316 terra
597 289 675 316 nec
707 290 815 329 pura
855 290 983 329 aqua.
1046 277 1105 317 Et
1142 277 1202 317 sic
1243 284 1366 330 patet
1410 280 1637 331 quomodo

97 344 240 386 celum
276 344 417 385 salvat
460 357 536 397 per
581 350 783 384 naturam
827 345 921 394 loci,
965 352 1009 386 ct
1050 347 1276 397 quomodo
1314 347 1436 387 stelle
1471 346 1637 388 faciunt

99 414 427 466 generacionem
462 421 503 454 et
531 415 855 466 corrupcionem
885 415 1201 455 elementorum
1231 421 1274 455 et
1306 416 1566 456 mixtionem
1594 417 1634 455 in

99 482 296 524 confiniis
318 482 416 524 suis.
481 482 714 524 Elementa
736 484 874 523 eciam
890 498 934 524 se
956 483 1125 524 salvant
1147 490 1190 523 et
1212 491 1362 536 agunt,
1380 491 1445 525 set
1467 485 1636 524 salvant

100 551 174 591 ubi
189 551 232 591 in
255 564 333 591 sua
348 551 628 605 simplicitate
643 559 685 593 et
699 553 889 606 puritate
910 553 1160 606 persistunt.
1222 552 1477 605 Corrumpit
1490 559 1636 593 autem

104 632 239 660 unum
258 618 377 660 aliud
405 620 410 674 Ι
441 620 684 674 dupliciter,
703 621 770 661 vel
788 622 965 674 quando
983 621 1177 662 ablatum
1201 628 1267 662 est
1284 621 1321 661 ei
1339 622 1394 662 de
1411 635 1539 675 spera
1560 635 1637 661 sua
1660 632 1701 666 79
1718 636 1734 654 «Ἴ
1760 634 1782 654 ¹-

99 688 275 741 aliquid,
296 688 416 729 verbi
443 690 601 742 gracia,
626 690 668 729 in
697 689 858 741 hyeme
890 703 915 729 a
948 695 1072 742 parte
1100 689 1315 742 aquilonis
1347 689 1639 742 corrumpitur

99 770 172 797 aer
214 757 255 797 in
289 770 447 810 aquam
483 764 661 810 propter
703 758 1028 810 elongacionem
1071 758 1186 807 solis,
1220 758 1325 810 ,quia
1361 757 1495 811 frigus
1537 765 1638 798 tunc

102 825 416 879 multiplicatur
437 827 478 866 in
502 825 720 878 aquilone,
743 827 862 878 quod
887 834 952 867 est
975 826 1162 879 qualitas
1184 840 1308 879 aque,
1332 833 1375 866 et
1397 826 1480 867 hoc
1503 826 1638 879 frigus

100 900 357 947 generatum
382 896 423 935 in
445 908 559 948 aqua
582 894 798 935 confortat
821 896 959 948 ipsam
984 902 1027 935 et
1056 895 1188 935 vincit
1210 908 1340 948 super
1361 908 1518 943 aerem,
1541 908 1638 946 pre-

98 963 228 1016 cipue
249 977 347 1004 cum
367 963 501 1016 frigus
518 963 718 1003 similiter
735 964 790 1004 sit
809 964 850 1003 in
867 977 965 1004 aere
979 971 1234 1015 generatum
1250 964 1361 1004 sicut
1377 964 1419 1003 in
1438 977 1564 1016 aqua,
1579 965 1638 1003 ita

100 1033 217 1084 quod
241 1038 283 1072 et
307 1031 440 1084 frigus
458 1033 567 1072 aeris
589 1039 631 1072 et
650 1046 760 1085 aque
782 1032 874 1085 agit
897 1032 939 1072 in
961 1046 1104 1072 aerem
1124 1039 1165 1072 et
1189 1033 1427 1084 corrumpit
1452 1031 1571 1071 illum
1595 1032 1637 1071 in

100 1114 272 1154 aquam.
336 1100 414 1141 Set
436 1102 475 1141 in
499 1108 639 1142 estate
668 1103 846 1154 quando
868 1101 931 1141 sol
954 1102 1277 1154 appropinquat
1304 1102 1359 1142 ad
1381 1100 1640 1153 aquilonem,

62 1189 78 1218 5
101 1177 202 1210 tunc
241 1169 358 1210 calor
388 1177 620 1222 generatur
652 1171 693 1209 in
727 1184 840 1223 aqua
873 1176 916 1210 et
947 1171 987 1210 in
1019 1184 1146 1220 aere3
1179 1177 1221 1210 et
1253 1183 1325 1210 aer
1356 1177 1458 1210 tunc
1482 1170 1572 1223 agit
1599 1170 1639 1208 in

100 1252 260 1291 aquam
283 1252 370 1291 que
390 1246 594 1292 generata
617 1238 743 1279 fuerit
767 1252 823 1278 ex
848 1252 946 1279 aere
966 1245 1010 1280 et
1032 1240 1245 1279 convertit
1268 1238 1386 1278 illam
1409 1252 1568 1291 aquam
1596 1238 1637 1276 in

98 1320 272 1359 speram
296 1321 433 1348 suam.
496 1308 590 1348 Nec
618 1314 795 1361 propter
826 1308 907 1348 hoc
930 1321 1006 1359 per
1035 1307 1150 1347 viam
1174 1307 1283 1347 hanc
1304 1308 1543 1358 corrumpit
1566 1320 1639 1346 aer

101 1376 266 1428 aliquid
289 1376 343 1416 de
365 1390 490 1429 spera
513 1390 636 1430 aque,
659 1376 781 1428 cujus
803 1389 876 1416 aer
897 1383 965 1416 est
988 1376 1108 1417 locus
1126 1375 1345 1423 naturalis,
1365 1381 1430 1415 set
1448 1375 1503 1415 de
1524 1388 1638 1426 aqua

101 1459 186 1498 que
203 1447 258 1486 de
276 1460 373 1487 aere
391 1446 670 1498 generabitur
684 1446 814 1498 prius.
860 1444 1066 1486 Ceterum
1081 1458 1195 1496 aqua
1214 1444 1255 1483 in
1270 1443 1429 1496 hyeme
1445 1442 1514 1483 vel
1531 1443 1637 1483 alias

103 1527 179 1568 per
201 1514 439 1555 Saturnum
464 1521 506 1555 et
529 1521 697 1555 ceteras
719 1514 867 1555 stellas
890 1520 1035 1566 potest
1058 1514 1099 1553 in
1123 1519 1297 1553 tantum
1322 1511 1535 1565 frigefieri,
1557 1512 1637 1550 etsi

102 1595 187 1622 non
210 1590 324 1624 esset
346 1583 388 1623 in
410 1597 507 1624 aere
529 1582 665 1636 frigus
687 1590 752 1623 set
774 1589 1017 1623 remaneret
1040 1595 1113 1622 aer
1135 1582 1176 1621 in
1197 1595 1275 1622 sua
1293 1582 1497 1634 puritate,
1519 1580 1637 1632 quod

104 1665 218 1704 aqua
241 1659 516 1693 converteret
534 1665 691 1704 purum
714 1664 859 1692 aerem
888 1651 929 1690 in
954 1664 1126 1703 aquam.
1190 1649 1249 1690 Et
1271 1649 1472 1689 similiter
1493 1654 1639 1701 potest

103 1733 175 1760 aer
197 1728 450 1762 convertere
481 1735 635 1774 puram
669 1734 829 1772 aquam
853 1720 894 1759 in
917 1733 973 1759 se.
1038 1718 1095 1759 Et
1117 1719 1199 1758 hoc
1222 1725 1287 1758 est
1317 1718 1417 1769 quia
1438 1731 1551 1770 aqua
1573 1716 1640 1756 vel

104 1803 176 1830 aer
205 1796 459 1830 convertens
488 1789 535 1829 fit
563 1803 639 1841 per
672 1788 820 1829 stellas
852 1794 979 1828 extra
1011 1801 1134 1827 suam
1159 1794 1358 1827 naturam
1382 1785 1637 1837 simplicem.

106 1858 164 1899 Et
206 1865 353 1912 potest
399 1858 481 1898 hoc
527 1859 700 1898 duobus
745 1857 888 1898 modis
932 1855 1125 1909 intelligi,
1165 1855 1233 1895 vel
1276 1855 1394 1907 quod
1438 1855 1541 1893 data
1585 1853 1639 1891 sit

103 1940 214 1980 aque
243 1927 390 1980 agenti
413 1926 480 1967 vel
502 1927 587 1966 aeri
621 1926 806 1978 qualitas
831 1925 972 1966 activa
1000 1923 1336 1970 accidentaliter,
1358 1928 1535 1975 propter
1558 1921 1639 1961 hoc

104 1997 221 2048 quod
258 1995 468 2035 Averrois
503 1994 691 2035 declinat
726 1995 781 2034 ad
816 1994 897 2034 hoc
932 1994 1049 2046 quod
1091 1992 1307 2032 elementa
1350 2004 1437 2031 non
1480 1990 1640 2030 habent

105 2065 346 2106 secundum
369 2077 416 2104 se
444 2064 681 2116 qualitates
713 2064 889 2113 activas,
911 2069 987 2102 aut
1013 2062 1113 2102 licet
1141 2060 1329 2101 habeant
1350 2073 1424 2099 eas
1446 2073 1503 2099 ex
1525 2072 1642 2100 crea-

105 2134 241 2183 cione,
270 2139 418 2173 tamen
442 2145 528 2172 non
560 2137 696 2184 agunt
728 2144 806 2172 nec
829 2138 931 2171 nata
952 2136 1053 2171 sunt
1075 2142 1202 2182 agere
1225 2129 1329 2169 dum
1353 2134 1576 2167 remanent
1600 2127 1641 2166 in

107 2216 184 2243 sua
205 2201 406 2255 puritate,
429 2201 529 2253 quia
552 2201 613 2241 sic
635 2206 735 2240 sunt
757 2200 991 2252 qualitates
1014 2199 1096 2239 loci
1119 2204 1161 2237 et
1183 2197 1377 2246 locantis,
1399 2202 1442 2236 et
1465 2196 1563 2236 ideo
1585 2210 1642 2236 ex

107 2272 201 2323 lege
223 2277 377 2311 nature
399 2269 652 2310 universalis
674 2283 760 2309 non
786 2276 944 2309 nocent
966 2281 1042 2308 nec
1065 2267 1216 2307 ledunt
1247 2279 1326 2306 nec
1346 2271 1640 2318 corrumpunt.

112 2341 227 2380 Nam
259 2339 421 2392 ligatur
453 2351 603 2378 eorum
636 2338 839 2391 potencia
873 2337 1015 2378 activa
1051 2349 1127 2389 per
1159 2334 1387 2375 forciorem
1424 2334 1641 2375 virtutem,

108 2406 283 2455 scilicet,
325 2405 532 2445 virtutem
576 2411 730 2444 nature
772 2402 1040 2449 universalis,
1081 2414 1167 2454 que
1219 2400 1405 2441 intendit
1455 2399 1640 2439 salutem

109 2487 332 2528 sperarum
375 2472 705 2513 elementarium
748 2479 791 2512 et
818 2470 823 2525 Ι
852 2470 1149 2512 habitancium
1195 2469 1236 2508 in
1283 2469 1360 2517 eis,
1403 2468 1641 2508 secundum
1664 2485 1704 2518 79
1722 2488 1738 2507 a
1759 2487 1784 2508 .·.

111 2542 318 2583 Averrois
342 2545 385 2580 2⁰
405 2540 473 2580 De
488 2540 667 2581 Anima.
732 2540 790 2580 Et
812 2545 877 2580 est
900 2538 1039 2579 simile
1057 2539 1109 2579 de
1131 2551 1245 2590 aqua
1259 2543 1463 2578 contenta
1485 2536 1526 2575 in
1542 2549 1643 2576 vase

110 2610 376 2664 perforatoin
389 2609 630 2662 fundo‚que
644 2622 728 2648 non
742 2607 1147 2660 descenditquando
1163 2605 1375 2647 orificium
1390 2605 1644 2645 obstruitur.

111 2681 226 2721 Nam
251 2679 451 2733 potencia
481 2692 557 2719 sue
582 2677 838 2731 quantitatis
864 2676 1006 2718 activa
1029 2682 1072 2716 et
1103 2674 1264 2715 motiva
1289 2674 1448 2726 ligatur
1470 2687 1525 2714 ex
1548 2673 1644 2725 lege

153 2780 194 2809 35
220 2772 274 2800 De
291 2767 444 2808 Anima]
463 2767 494 2798 ii.
513 2777 564 2806 41.
