1898 3126
110 219 232 260 89a2.

103 2004 224 2044 S9b1.

978 94 1059 143 306

252 208 524 260 serpentibus
553 205 556 259 Ι
585 213 627 246 et
678 207 835 258 apibus
877 212 920 245 et
965 204 1184 258 pulicibus
1231 212 1274 245 et
1316 204 1520 244 omnibus
1571 203 1774 244 anulosis.

253 274 454 316 Anulosa
475 275 678 315 dicuntur
706 274 784 314 hec
814 288 899 326 que
921 281 1243 325 componuntur
1272 287 1329 313 ex
1352 272 1549 326 partibus
1580 272 1775 312 rotundis

252 345 307 384 ad
332 344 510 384 modurn
533 342 774 383 anulorum.
837 341 916 383 Set
937 343 1040 395 quia
1063 355 1146 382 non
1169 343 1333 383 habent
1355 355 1518 394 organa
1540 341 1779 381 necessaria

251 414 351 463 vite,
372 419 418 452 ut
447 425 495 452 os
523 418 564 452 ct
592 412 735 452 locum
763 411 1017 464 digestionis
1046 417 1090 450 et
1116 410 1364 463 hujusmodi
1398 410 1497 450 ideo
1527 410 1670 450 vivere
1692 422 1778 450 non

252 487 433 535 possunt
454 480 535 521 nisi
558 482 613 521 ad
636 487 819 533 tempus.
874 479 1074 533 Qualiter
1093 485 1239 519 autem
1258 478 1333 520 fiat
1349 479 1494 519 anima
1515 479 1557 519 in
1575 478 1774 531 partibus
1798 496 1816 527 5

250 550 429 591 diversis
451 549 657 602 quoniam
681 562 852 601 semper
876 555 919 588 et
941 549 1016 588 vix
1049 561 1237 601 unquam
1263 548 1442 588 solvitur
1470 547 1631 600 aliquid
1655 547 1776 600 quod

250 626 314 660 est
336 619 526 671 dignum.
600 617 792 670 Majores
809 618 924 657 enim
940 617 1141 657 solebant
1158 618 1298 657 dicere
1316 623 1361 657 et
1382 616 1513 656 michi
1536 615 1773 669 aliquando

250 687 390 727 visum
434 694 499 727 est
539 687 656 739 quod
688 687 824 726 virtus
862 686 941 727 celi
983 687 1189 727 continue
1225 686 1386 726 alterat
1430 693 1576 739 partes
1618 684 1773 725 talium

249 756 500 796 animalium
539 757 642 795 dum
686 755 771 796 sint
805 756 846 795 in
883 762 991 803 toto,
1029 762 1071 796 et
1114 755 1305 808 disponit
1345 755 1403 795 ad
1441 754 1772 803 animacionem,

250 825 469 878 propriam
491 825 678 864 educens
701 825 892 864 animam
915 825 957 864 in
976 824 1035 864 eis
1057 825 1112 865 de
1134 823 1336 876 potencia
1360 824 1550 871 materie,
1573 822 1632 862 ita
1653 822 1773 875 quod
1801 838 1838 860 10

250 893 378 933 nichil
421 893 566 933 deficit
608 893 668 933 eis
709 893 787 933 nisi
835 894 949 933 racio
992 893 1222 933 totalitatis
1267 905 1401 945 quam
1446 891 1657 945 recipiunt
1699 904 1775 944 per

250 963 520 1002 divisionem.
577 961 765 1014 Oportet
796 962 909 1002 enim
942 962 1059 1015 quod
1083 962 1136 1001 sit
1164 968 1306 1002 totum
1339 968 1382 1001 et
1415 974 1499 1001 non
1527 974 1625 1014 pars
1657 960 1775 1013 quod

251 1038 316 1071 est
338 1031 511 1071 animal.
576 1031 654 1070 Set
677 1030 791 1071 istud
814 1037 928 1071 stare
951 1044 1038 1070 non
1064 1037 1212 1084 potest
1234 1030 1442 1082 quoniam
1466 1036 1620 1069 natura
1641 1028 1773 1069 nichil

251 1099 352 1140 facit
373 1099 543 1140 frustra.
598 1098 674 1140 Set
697 1100 774 1140 hec
797 1100 975 1141 educcio
997 1100 1141 1140 anime
1163 1099 1320 1140 frustra
1341 1105 1406 1140 est
1427 1098 1506 1139 nisi
1529 1099 1585 1139 sit
1607 1098 1774 1147 divisio,

252 1175 295 1209 et
316 1169 471 1209 divisio
495 1182 582 1209 non
606 1175 670 1209 est
694 1169 736 1208 in
760 1175 977 1222 potestate
999 1176 1150 1209 nature
1174 1175 1238 1209 set
1262 1167 1304 1207 in
1327 1167 1514 1208 hominis
1537 1167 1774 1217 voluntate,
1798 1180 1835 1212 15

251 1251 369 1290 ergo,
404 1238 486 1278 hoc
521 1251 607 1277 non
640 1244 784 1289 potest
821 1251 927 1277 esse.
992 1237 1117 1286 Item,
1154 1237 1212 1276 sic
1247 1244 1428 1289 possunt
1458 1250 1535 1290 per
1567 1236 1772 1276 virtutem

249 1308 326 1347 celi
361 1306 445 1346 alia
481 1306 685 1347 animalia
719 1307 908 1355 alterari,
943 1320 1058 1358 ergo,
1093 1306 1133 1345 in
1173 1306 1374 1346 omnibus
1405 1305 1500 1345 aliis
1538 1306 1773 1346 educentur

248 1376 357 1416 sicut
393 1376 533 1415 anime
568 1383 609 1415 et
647 1382 802 1428 partes,
840 1382 882 1416 et
917 1375 1021 1415 fient
1057 1374 1259 1415 animalia
1293 1381 1391 1426 post
1424 1375 1694 1425 divisionem,
1728 1379 1776 1414 ut

251 1446 292 1484 in
320 1445 496 1484 homine
535 1451 578 1485 et
610 1444 652 1483 in
693 1444 813 1483 asino
845 1451 887 1484 et
928 1443 1035 1483 aliis.
1111 1444 1237 1494 Item,
1274 1443 1398 1497 plura
1441 1456 1623 1496 corpora
1653 1442 1773 1482 nullo

253 1515 382 1554 modo
405 1520 586 1566 possunt
609 1513 769 1553 habere
791 1513 976 1553 eandem
999 1513 1201 1561 animam,
1224 1526 1339 1566 ergo,
1361 1526 1440 1553 nec
1464 1512 1608 1564 plures
1630 1511 1774 1552 anime
1796 1524 1835 1546 20

253 1583 367 1622 idem
390 1595 546 1635 corpus
572 1595 648 1622 nec
671 1583 851 1622 eandem
875 1588 1044 1635 partem
1067 1582 1271 1635 corporis.

311 1650 557 1691 Dicendum
589 1651 719 1703 igitur
753 1652 869 1703 quod
907 1664 983 1704 per
1016 1650 1271 1691 divisionem
1309 1651 1498 1704 corporis
1538 1650 1585 1690 fit
1619 1649 1773 1689 divisio

252 1720 407 1769 anime,
430 1726 473 1759 et
496 1720 554 1759 sic
579 1727 723 1760 manet
746 1720 890 1759 anima
913 1720 954 1759 in
978 1726 1100 1773 parte
1120 1720 1315 1772 qualibet
1337 1725 1379 1759 et
1405 1732 1504 1759 cum
1527 1719 1632 1759 illud
1654 1719 1772 1771 quod

251 1788 329 1828 fuit
355 1802 453 1841 pars
476 1788 552 1828 fiat
574 1794 732 1840 totum,
755 1789 834 1828 erit
856 1788 1030 1829 animal.
1096 1788 1172 1829 Set
1197 1788 1383 1829 obicitur
1399 1788 1517 1840 quod
1540 1787 1687 1827 anima
1708 1794 1772 1827 est

252 1856 524 1909 impartibilis
542 1864 583 1897 et
608 1857 891 1907 indivisibilis,
913 1871 1015 1911 ergo
1040 1871 1125 1897 non
1149 1864 1293 1910 potest
1315 1857 1462 1896 dividi.
1526 1856 1771 1896 Dicendum
1795 1867 1831 1898 25

251 1931 314 1965 est
336 1927 453 1979 quod
476 1926 557 1966 hoc
576 1932 641 1967 est
658 1940 807 1966 verum
832 1928 885 1967 de
904 1926 1167 1967 intellectiva
1190 1926 1345 1975 anima,
1368 1939 1454 1966 non
1471 1926 1527 1966 de
1544 1925 1748 1965 sensitiva
1769 1925 1772 1979 Ι

251 2000 293 2034 et
316 1995 561 2047 vegetativa
584 2001 626 2034 et
653 1995 855 2048 precipue
884 1995 926 2035 in
953 1995 1100 2045 brutis,
1122 1995 1223 2048 quia
1247 1994 1393 2034 anima
1418 1994 1681 2035 intellectiva
1707 2000 1772 2035 est

250 2063 496 2103 substancia
525 2062 763 2116 spiritualis
793 2063 903 2103 sicut
933 2064 1127 2115 angelica
1150 2069 1315 2112 natura,
1339 2069 1403 2102 set
1430 2063 1484 2103 ad
1514 2061 1624 2103 hanc
1652 2063 1772 2115 spiri-

250 2131 496 2172 tualitatem
521 2145 606 2171 non
630 2139 774 2184 potest
796 2132 939 2172 anima
959 2133 1159 2172 sensitiva
1186 2132 1431 2185 pertingere
1453 2132 1554 2184 quia
1575 2131 1773 2171 educitur

251 2203 304 2240 de
333 2201 535 2254 potencia
566 2208 718 2240 nature
741 2208 783 2240 et
812 2201 910 2241 ideo
935 2201 1265 2253 quodammodo
1291 2200 1526 2254 corporalis
1549 2206 1629 2240 est.
1693 2199 1771 2241 Set
1791 2212 1832 2243 30

251 2270 443 2309 maxime
459 2269 720 2309 assimilatur
735 2277 888 2310 nature
902 2270 1109 2323 spirituali
1128 2270 1236 2310 inter
1250 2283 1400 2310 omnes
1414 2269 1576 2309 formas
1592 2270 1770 2310 eductas

248 2340 303 2378 <le
344 2338 543 2391 potencia
579 2339 760 2378 materie
798 2339 1044 2392 corporalis.
1109 2339 1168 2379 Et
1209 2340 1310 2390 quia
1352 2338 1585 2390 corporalis
1622 2344 1686 2378 est
1727 2345 1768 2377 et

247 2408 404 2446 educta
431 2408 485 2446 de
509 2408 707 2459 potencia
735 2409 927 2457 materie,
950 2408 1047 2448 ideo
1076 2414 1220 2460 potest
1249 2407 1379 2447 dividi
1409 2420 1485 2460 per
1512 2406 1768 2447 divisionem

249 2475 438 2528 corporis
463 2475 617 2515 saltem
648 2489 724 2528 per
751 2477 962 2524 accidens,
994 2476 1093 2516 licet
1119 2476 1262 2529 primo
1289 2482 1330 2515 et
1364 2474 1657 2528 principaliter
1683 2487 1768 2514 non

250 2545 367 2584 cadit
408 2545 560 2584 divisio
602 2558 731 2597 super
772 2558 881 2586 eam.
946 2544 993 2586 Si
1027 2545 1194 2585 dicatur
1221 2545 1339 2597 quod
1377 2550 1477 2583 tunc
1511 2543 1654 2583 anima
1690 2543 1770 2584 erit
1789 2555 1828 2587 35

251 2619 435 2653 extensa
468 2614 704 2653 secundum
748 2613 1049 2654 extensionem
1092 2615 1297 2666 parcium,
1338 2620 1402 2653 set
1437 2612 1582 2652 anima
1618 2618 1684 2653 est
1725 2613 1768 2651 in

250 2681 442 2733 qualibet
480 2689 604 2734 parte
638 2689 743 2729 tota,
781 2683 1012 2722 dicendum
1050 2689 1115 2722 est
1149 2683 1265 2734 quod
1304 2682 1385 2721 hoc
1422 2694 1570 2721 verum
1609 2688 1672 2720 est
1713 2682 1768 2720 de

250 2750 392 2788 anima
416 2751 618 2790 racionali
642 2752 741 2802 quia
768 2758 833 2789 est
856 2758 948 2790 tota
978 2750 1220 2803 spiritualis,
1248 2756 1289 2789 et
1320 2763 1404 2789 non
1435 2750 1566 2789 habet
1590 2762 1768 2802 propor-
