1898 3126
106 1200 230 1231 Ssz.

972 127 1058 169 304

256 230 511 271 deformitas
545 236 587 270 et
619 229 716 270 ideo
749 235 978 283 peccatum
1013 235 1059 267 ut
1092 228 1133 267 in
1165 234 1293 268 sexto
1331 227 1469 281 digito
1503 225 1572 266 vel
1606 226 1778 266 duobus

255 299 482 352 capitibus.
545 297 621 339 Set
643 298 687 338 in
709 298 882 351 plantis,
905 304 951 337 ut
977 296 1241 337 Aristoteles
1270 296 1374 337 dicit
1407 295 1517 335 libro
1545 294 1612 334 De
1652 294 1775 347 Vege-

256 365 469 413 tabilibm,
491 378 577 404 non
606 372 705 405 sunt
736 371 880 417 partes
914 362 1217 411 determinate,
1240 369 1283 404 et
1312 363 1420 411 ideo,
1441 361 1540 402 licet
1569 360 1776 414 multipli-

256 441 408 475 centur
430 434 537 474 rami
561 440 603 474 et
627 433 729 473 folia
752 441 795 473 et
818 433 995 484 fructus,
1019 431 1135 472 nulla
1156 438 1222 472 est
1245 431 1512 481 deformitas,
1534 436 1576 470 et
1600 434 1776 484 propter

254 504 336 544 hoc
376 516 462 543 non
505 502 662 543 accidit
704 502 763 541 ibi
807 508 1034 554 peccatum
1070 515 1127 541 ex
1160 500 1459 554 superfluitate
1493 498 1672 539 materie
1707 498 1811 548 vel5

254 572 560 612 diminucione.
625 571 830 611 Ceterum
866 583 951 610 non
984 569 1140 610 accidit
1171 570 1228 610 ibi
1264 574 1518 615 monstrum,
1553 567 1653 607 licet
1690 580 1776 607 una

254 641 402 695 planta
420 641 580 680 habeat
597 647 744 693 partes
762 639 1030 680 diversarum
1047 639 1294 692 plantarum
1318 638 1557 678 secundum
1575 637 1775 689 speciem,

254 717 302 750 ut
323 709 558 762 aliquando
584 716 823 750 nascuntur
851 722 983 762 poma
1004 716 1047 749 et
1071 708 1162 761 pira
1193 709 1234 748 in
1265 709 1420 748 eadem
1450 706 1604 748 arbore
1626 713 1669 746 et
1694 706 1776 746 hoc

252 780 490 819 secundum
528 778 718 819 diversas
758 778 924 832 species
957 791 1186 832 pomorum
1219 784 1262 818 et
1295 777 1484 830 pirorum
1517 781 1561 816 et
1593 775 1775 816 aliarum

252 847 456 888 arborum
484 861 568 899 que
592 847 660 887 vel
690 860 767 900 per
793 847 1076 888 insercionem
1106 846 1216 888 fiunt
1246 847 1314 887 vel
1347 860 1423 899 per
1453 846 1591 887 solam
1624 858 1774 898 opera·
1798 861 1836 883 10

251 917 418 956 cionem
442 921 607 956 nature.
672 915 788 956 Nam
811 929 896 956 non
921 922 986 957 est
1018 922 1142 957 tanta
1167 915 1392 957 distinccio
1418 915 1666 969 plantarum
1697 927 1774 954 nec

252 991 343 1024 tam
381 984 672 1025 determinata
707 991 861 1025 natura
898 985 1007 1025 sicut
1043 984 1084 1024 in
1120 984 1392 1032 animalibus,
1423 990 1466 1024 et
1503 984 1696 1024 maxime
1733 983 1773 1022 in

251 1053 586 1106 proprietatibus
615 1053 920 1103 exterioribus,
951 1060 998 1093 ut
1025 1054 1066 1093 in
1094 1053 1232 1106 figura
1259 1060 1302 1094 et
1333 1053 1476 1093 colore
1504 1059 1548 1093 et
1580 1052 1775 1105 partibus

252 1128 317 1162 set
354 1128 551 1174 respectu
594 1122 856 1163 diversitatis
894 1122 935 1162 in
970 1122 1239 1172 animalibus,
1273 1122 1444 1163 videtur
1476 1122 1593 1175 quod
1629 1121 1775 1173 plante

254 1191 376 1243 quasi
418 1204 569 1230 omnes
610 1190 801 1231 habeant
845 1189 982 1231 solam
1025 1191 1336 1245 dive1·si}tatem
1374 1191 1413 1230 in
1451 1203 1631 1230 numero
1666 1190 1775 1229 sicut
1798 1205 1833 1236 ¹5

251 1266 394 1300 essent
425 1259 622 1299 homines
655 1259 849 1312 ejusdem
882 1260 1054 1312 speciei,
1082 1260 1289 1313 quoniam
1325 1259 1451 1299 multi
1483 1258 1775 1299 assimilantur

252 1328 442 1369 externis
475 1328 516 1368 in
549 1328 706 1370 cortice
738 1335 782 1370 et
819 1330 949 1370 ramis
980 1335 1023 1369 et
1060 1329 1186 1371 foliis.
1249 1329 1351 1370 Non
1383 1329 1498 1368 enim
1531 1328 1700 1368 videtur
1733 1327 1774 1366 in

253 1398 313 1438 eis
362 1397 588 1438 manifesta
630 1398 856 1438 diversitas
896 1397 1109 1451 specifica,
1146 1398 1257 1438 sicut
1304 1398 1347 1437 in
1390 1396 1650 1437 animalibus
1691 1409 1775 1449 que

252 1466 415 1507 habent
440 1465 623 1518 figuram
654 1473 696 1507 et
726 1466 916 1507 colorem
940 1472 982 1507 et
1011 1473 1156 1519 partes
1179 1467 1221 1506 in
1254 1465 1480 1507 manifesta
1509 1465 1772 1506 diversitate.

253 1535 311 1575 Et
348 1534 450 1588 quia
485 1535 543 1575 sic
581 1542 657 1586 est,
694 1536 792 1575 ideo
827 1535 1078 1577 deformitas
1120 1549 1204 1588 que
1240 1535 1398 1576 accidit
1433 1535 1474 1574 in
1516 1533 1774 1575 animalibus
1796 1549 1835 1570 20

251 1618 307 1644 ex
368 1604 659 1656 produccione
720 1604 896 1645 alterius
956 1605 997 1644 in
1060 1605 1202 1658 specie
1253 1611 1295 1644 et
1348 1618 1404 1644 ex
1457 1603 1772 1644 commixtione

251 1673 444 1725 parcium
468 1673 737 1715 diversorum
764 1673 1018 1714 animalium
1042 1687 1127 1713 non
1150 1680 1326 1714 notatur
1349 1674 1390 1713 in
1415 1673 1574 1726 plantis
1596 1679 1774 1724 propter

251 1741 575 1782 similitudinem
627 1742 873 1794 plantarum
925 1742 1182 1783 adinvicem.
1273 1742 1332 1783 Et
1385 1743 1482 1783 ideo
1532 1741 1651 1782 nulla
1697 1741 1771 1782 de·

250 1810 446 1851 formitas
498 1811 674 1863 ponitur
720 1811 895 1864 quando
942 1824 999 1850 ex
1049 1825 1133 1851 una
1188 1812 1332 1852 radice
1386 1818 1428 1852 et
1485 1823 1569 1850 uno
1625 1810 1774 1863 stipite

250 1880 438 1920 nascitur
466 1894 574 1921 unus
607 1894 752 1921 ramus
783 1882 838 1921 de
869 1880 976 1933 piro,
1001 1887 1042 1921 et
1073 1881 1181 1921 alius
1213 1883 1268 1922 de
1293 1894 1426 1934 pomo
1455 1879 1582 1920 unius
1603 1879 1773 1933 speciei,

250 1955 292 1988 et
347 1948 455 1990 alius
506 1950 561 1990 de
612 1963 745 2002 pomo
796 1950 983 1991 alterius.
1080 1950 1140 1990 Et
1191 1964 1276 1991 non
1328 1950 1468 1990 solum
1520 1948 1773 1990 deformitas

250 2018 291 2056 in
333 2017 593 2059 animalibus
635 2019 718 2060 hoc
770 2018 884 2069 facit,
926 2025 992 2059 set
1044 2018 1213 2072 plenior
1254 2025 1504 2060 naturarum
1547 2017 1773 2058 diversitas

250 2093 427 2140 propter
448 2100 579 2139 quam
604 2101 689 2128 non
717 2094 898 2141 possunt
926 2087 1165 2129 adinvicem
1195 2088 1349 2129 salvari
1381 2087 1604 2127 individua
1632 2087 1772 2127 diver-

248 2168 394 2195 sorum
437 2155 702 2203 animalium,
745 2157 966 2209 requirunt
1015 2157 1128 2197 enim
1177 2157 1451 2197 distincciora
1493 2155 1769 2196 nutrimenta.

1794 1893 1832 1924 25

250 2223 326 2263 Set
362 2223 511 2275 plante
550 2238 702 2265 omnes
743 2232 844 2266 sunt
885 2234 998 2268 terre
1039 2226 1170 2266 affixe
1210 2233 1253 2267 et
1294 2227 1521 2266 humorem
1558 2224 1770 2278 recipiunt
1790 2238 1830 2268 30

248 2293 434 2332 eundem
478 2300 543 2333 set
584 2294 710 2335 aliter
754 2295 954 2347 digerunt
991 2309 1067 2348 per
1107 2295 1297 2336 diversas
1333 2294 1442 2334 vires
1484 2293 1626 2333 anime
1661 2307 1769 2345 quas

247 2361 418 2402 habent

306 2429 436 2483 Quod
459 2438 605 2471 autem
630 2438 778 2472 textus
793 2432 1045 2473 Aristotelis
1066 2439 1243 2485 propter
1259 2432 1588 2474 translacionem
1607 2431 1767 2472 malam

247 2500 512 2540 convertitur
533 2501 587 2540 ad
610 2501 868 2541 contrarium
887 2502 978 2554 jam
1002 2501 1230 2551 dictorum,
1254 2508 1296 2542 et
1323 2502 1521 2542 similiter
1542 2501 1767 2553 exposicio

246 2566 452 2608 Averrois
476 2568 844 2610 Commentatoris
866 2583 951 2610 non
975 2569 1108 2610 habet
1129 2570 1370 2611 veritatem.
1427 2569 1632 2623 Arguunt
1653 2569 1765 2609 enim
1787 2581 1826 2615 35

246 2637 363 2687 quod
396 2643 549 2676 natura
582 2638 719 2690 magis
757 2638 944 2678 sollicita
977 2645 1041 2679 est
1079 2639 1190 2679 circa
1223 2639 1549 2690 generacionem
1579 2638 1766 2678 hominis

289 2800 307 2819 2
332 2793 385 2820 De
402 2792 701 2833 vegetabilibus]
719 2792 756 2823 de
772 2793 902 2823 Plantis
919 2794 938 2824 i.
956 2805 983 2824 2.
