1877 3131
104 1674 226 1707 51212.

964 98 1045 139 180

235 211 369 261 alibi;
402 224 519 264 ergo,
556 225 643 253 non
671 213 844 255 videtur
880 229 974 257 esse
1009 216 1174 269 species
1209 216 1367 269 aliqua,
1400 222 1475 257 aut
1508 215 1771 256 Aristoteles

238 280 318 320 erit
338 280 593 330 diminutus,
616 288 660 323 et
689 282 750 323 ita
777 283 961 332 videtur,
983 285 1101 338 quod
1128 284 1182 325 sit
1213 284 1405 334 instans3
1437 290 1480 325 et
1505 290 1650 338 potest
1676 285 1771 333 dici,

235 350 354 402 quod
386 362 601 402 nusquam
624 350 889 393 Aristoteles
911 353 987 394 dat
1011 367 1165 394 omnes
1186 354 1349 406 species
1367 353 1551 406 alicujus
1573 353 1770 407 predica·
1814 379 1816 383 ν

240 418 387 468 menti,
424 418 527 471 quia
563 420 618 460 de
655 421 907 461 substancia
946 422 1199 476 incorporea
1235 422 1367 463 nichil
1401 422 1545 476 tangit
1585 423 1627 462 in
1663 422 1772 463 libro

239 487 685 539 medicamentorum,
711 503 791 530 nec
820 490 864 530 in
892 491 1087 543 capitulo
1115 491 1166 531 de
1186 492 1433 532 substancia
1455 491 1498 531 in
1522 495 1569 544 5⁰
1596 490 1771 532 Metka-
1793 512 1819 551 5¹

227 555 406 609 plzz'sice.
470 556 636 598 Placuit
674 558 804 610 igitur
835 559 1065 601 Aristoteli
1099 560 1320 613 explicare
1351 562 1406 601 de
1437 559 1664 614 speciebus
1696 558 1771 599 ali-

238 625 396 677 quibus
438 626 577 678 magis
617 626 795 667 famosis
840 628 883 667 in
923 629 1136 669 divisione
1176 629 1633 681 predicamentorum;
1670 641 1772 669 nam

239 692 408 739 divisio,
426 706 513 734 non
535 694 675 734 solum
706 696 936 748 cujuslibet
958 697 1286 750 predicamenti,
1308 704 1373 739 set
1395 697 1533 738 eciam
1557 697 1726 737 minimi
1748 710 1773 736 a

239 762 565 814 generalissimo
597 777 673 815 per
703 777 864 816 genera
896 766 1147 806 subalterna
1180 779 1315 819 usque
1348 767 1391 806 in
1422 766 1588 819 species
1620 778 1773 806 omnes

239 830 574 882 specialissimas
603 839 667 873 est
689 832 815 874 valde
838 833 1041 884 difficilis,
1070 836 1186 876 uncle
1215 835 1441 876 Avicenna
1467 834 1701 875 confitetur
1729 848 1774 875 se

241 900 442 951 ignorare
456 900 886 952 predicamentorum
904 903 1089 950 habitus,
1107 910 1149 944 et
1166 912 1346 957 propter
1362 903 1446 945 hoc
1460 917 1548 943 non
1567 904 1774 957 sequitur,

239 968 357 1020 quod
390 982 477 1008 non
511 976 611 1010 sunt
649 970 796 1022 plures
827 972 1021 1025 species;
1054 978 1098 1013 et
1131 973 1166 1012 si
1198 972 1464 1014 Aristoteles
1500 986 1586 1013 non
1623 985 1776 1013 ornnes

245 1038 452 1089 posuerit,
484 1051 563 1079 nec
595 1046 774 1093 propter
806 1041 888 1082 hoc
923 1048 988 1082 est
1022 1043 1263 1083 diminutus
1296 1042 1337 1082 in
1371 1041 1639 1095 logicalibus,
1673 1040 1776 1094 quia

241 1120 329 1147 non
371 1107 561 1159 pertinet
603 1109 659 1149 ad
703 1109 895 1163 logicum
936 1116 1107 1152 tantam
1154 1111 1374 1164 explicare
1415 1109 1774 1163 profunditatem.

242 1175 361 1228 Quid
384 1189 487 1217 vero
510 1177 657 1218 fecerit
681 1178 722 1218 in
746 1179 1067 1232 llffeffcapllisz'ca
1093 1193 1180 1220 non
1213 1193 1446 1233 possumus
1472 1179 1776 1229 determinare,

240 1243 343 1297 quia
376 1245 499 1285 multi
533 1246 632 1286 libri
667 1249 838 1299 desunt,
869 1256 912 1290 et
950 1249 1089 1290 multa
1117 1249 1309 1302 capitula
1341 1249 1385 1288 in
1416 1247 1778 1289 translacionibus

241 1313 378 1360 sactis,
400 1320 534 1366 atque
559 1315 742 1356 forsitan
771 1323 951 1370 propter
978 1317 1244 1372 superfluam
1275 1316 1580 1359 difficultatem
1611 1316 1778 1357 dimisit
1824 1308 1839 1323 ’ἵ

241 1381 416 1434 plenam
458 1383 803 1435 assignacionem
847 1387 1305 1439 medicamentorum,-
1358 1386 1460 1438 quia
1501 1398 1588 1426 non
1630 1384 1779 1426 omnia

244 1450 415 1491 fuerunt
449 1453 515 1492 sui
550 1455 762 1506 temporis
805 1454 1014 1504 facienda,
1047 1455 1149 1508 quia
1185 1456 1315 1496 nichil
1349 1460 1415 1495 est
1456 1453 1699 1508 perfectum
1736 1454 1778 1494 in

246 1520 448 1559 humanis
464 1521 802 1572 invencionibus‚
818 1530 862 1565 et
875 1525 1025 1577 gratis,
1042 1531 1276 1578 postquam
1292 1524 1414 1564 dedit
1428 1522 1777 1573 fundamentum,
1802 1550 1803 1553 =

247 1587 421 1640 reliquit
453 1596 596 1631 cetera
629 1591 890 1644 indaganda.
955 1592 1126 1633 Scimus
1158 1593 1287 1642 enim,
1318 1593 1437 1645 quod
1469 1595 1604 1634 multa
1633 1590 1777 1645 factat

248 1663 349 1697 sunt
370 1664 470 1710 post
492 1672 606 1709 eum,
629 1661 685 1700 de
708 1661 866 1712 quibus
887 1675 933 1702 se
956 1675 1042 1702 non
1065 1661 1311 1702 intromisit.

308 1724 354 1765 Si
378 1726 560 1775 dicatur,
585 1730 704 1781 quod
728 1729 762 1768 si
783 1730 914 1782 juxta
936 1737 1112 1783 tempus
1136 1737 1200 1771 est
1229 1730 1377 1782 aliqua
1406 1729 1573 1782 species
1607 1728 1778 1781 quanti-

249 1795 351 1835 tatis
384 1795 425 1835 in
452 1809 611 1850 genere
635 1811 838 1839 mensure
859 1799 1058 1850 durandi,
1081 1799 1202 1852 cujus
1224 1805 1380 1839 natura
1411 1799 1468 1840 sit
1494 1797 1780 1849 indivisibilis,

247 1870 290 1904 et
327 1877 414 1903 non
452 1865 507 1905 sit
544 1866 754 1907 terminus
788 1869 1027 1921 temporis3
1065 1881 1183 1921 ergo,
1218 1867 1416 1908 similiter
1446 1867 1628 1917 videtur,
1661 1868 1778 1920 quod

246 1933 377 1985 juxta
398 1934 507 1975 alias
531 1948 754 1976 mensuras
777 1944 825 1977 ut
842 1936 972 1989 juxta
996 1938 1152 1978 lineam
1185 1937 1264 1977 erit
1286 1935 1495 1989 possibile
1517 1949 1677 1988 ponere
1704 1935 1781 1975 ali-

250 2015 381 2054 quam
413 2016 662 2044 mensuram
690 2004 1008 2056 indivisibilem,
1031 2019 1116 2059 que
1138 2006 1193 2047 sit
1216 2005 1379 2059 species
1406 2017 1629 2057 coequeva
1658 2004 1781 2054 linee,
1832 2027 1835 2035 s

246 2078 290 2110 et
305 2084 391 2111 non
415 2072 625 2112 terminus
648 2073 768 2123 linee,
785 2080 828 2114 et
844 2075 904 2114 sic
921 2074 1054 2127 juxta
1069 2073 1354 2128 superficiem,
1372 2079 1414 2113 et
1432 2073 1632 2113 similiter
1649 2073 1781 2126 Juxta

249 2152 419 2192 corpus,
441 2141 560 2192 quod
590 2140 746 2182 falsum
769 2149 861 2193 est;
893 2156 1010 2196 ergo,
1031 2156 1109 2184 nec
1132 2143 1261 2196 juxta
1283 2150 1468 2195 tempus.
1531 2141 1779 2182 Dicendum

250 2213 328 2256 est,
351 2209 469 2260 quod
493 2221 667 2250 necesse
693 2218 758 2251 est
780 2211 862 2252 hoc
884 2212 1015 2265 juxta
1043 2219 1229 2264 tempuS,
1252 2211 1355 2263 quia
1376 2217 1552 2264 tempus
1573 2216 1638 2250 est
1661 2223 1781 2251 men-

250 2290 348 2317 sura
370 2277 502 2317 solius
524 2279 819 2329 successionis,
843 2286 886 2320 et
908 2281 1027 2321 aliud
1050 2294 1188 2332 genus
1206 2287 1271 2320 est
1294 2279 1476 2327 essendi,
1490 2278 1666 2326 scilicet,
1685 2292 1780 2331 per-

251 2352 487 2393 manenter,
503 2351 545 2385 et
564 2346 660 2387 ideo
678 2360 853 2389 necesse
872 2356 946 2397 est,
961 2351 1076 2402 quod
1093 2349 1162 2389 hic
1178 2354 1365 2401 ponatur
1380 2348 1543 2400 species
1560 2360 1782 2400 coequeva

295 2490 315 2518 5
340 2482 723 2513 Predieamentorum.
772 2482 868 2513 Here
885 2483 942 2514 the
958 2483 1176 2515 coincidence
1194 2484 1278 2515 with
1295 2484 1352 2514 the
1370 2483 1436 2523 Op.
1453 2483 1545 2514 Tert.
1567 2493 1691 2514 ceases.

296 2612 318 2642 8
342 2612 481 2653 divisio]
500 2612 647 2652 digestio
664 2613 697 2643 F
883 2624 904 2653 9
927 2624 1051 2653 genera
1069 2625 1135 2646 om.
1156 2613 1191 2644 D
1384 2624 1421 2652 17
1448 2613 1606 2654 forsitan]
1624 2614 1738 2645 forsan
1755 2613 1787 2643 F

253 2663 396 2703 dimisit]
413 2664 527 2695 omisit
542 2665 591 2695 F:
618 2665 785 2696 dimisitur
799 2664 834 2695 D
992 2676 1033 2704 24
1058 2666 1218 2706 durandi]
1233 2666 1452 2697 mensurandi
1468 2665 1503 2695 D
1660 2666 1703 2696 26
1725 2665 1781 2696 alt.

246 2715 357 2755 juxta]
376 2716 409 2745 in
426 2715 490 2745 FD
633 2727 684 2757 27⁷
705 2717 746 2747 28
770 2716 877 2757 linee]
894 2717 976 2747 linie
993 2717 1033 2746 M
1174 2719 1215 2748 28
1241 2723 1274 2747 et
1292 2728 1358 2749 non
1377 2717 1543 2748 terminus
1558 2717 1646 2748 linee
1663 2727 1728 2747 om.
1748 2716 1783 2746 D

250 2776 292 2804 29
316 2776 377 2796 nec
395 2777 460 2797 om.
478 2767 511 2795 lv*

1803 1887 1840 1920 25

1804 2230 1871 2401 30}

1849 2402 1870 2458 <ae;

1844 2779 1877 3131 nffl⁴ffiuukcm
1873 2760 1877 2771 -
1867 2747 1877 2754 .
