1898 3126
996 88 1078 131 282

276 202 450 243 homine
472 203 765 255 producantur
785 203 840 243 de
862 202 1062 256 potencia
1084 203 1262 244 materie
1284 216 1361 255 per
1382 203 1497 243 viam
1519 209 1683 244 nature.
1738 204 1797 245 Et

276 271 416 312 adhuc
437 271 631 325 theologi
653 272 708 312 de
738 271 904 324 Anglia
936 278 979 312 et
1008 284 1159 312 omnes
1184 271 1545 325 philosophantes
1574 271 1657 312 hoc
1686 272 1796 313 cele-

277 341 416 380 brant.
478 341 594 381 Nam
617 339 881 382 Aristoteles
911 340 1016 381 dicit
1038 346 1082 381 20
1103 340 1171 380 De
1191 340 1359 382 Anima
1387 341 1506 394 quod
1534 341 1796 383 intellectiva

279 409 480 462 potencia
498 415 722 463 separatur
744 410 800 450 ab
821 409 915 450 aliis
938 409 1049 451 sicut
1071 416 1330 462 perpetuum
1353 424 1378 450 a
1401 409 1679 463 corruptibili,
1695 417 1739 452 et
1756 411 1797 452 in

282 480 351 516 16⁰
378 477 446 518 De
472 478 749 519 Animalibus
778 478 883 519 dicit
912 479 1030 531 quod
1057 478 1174 519 solus
1203 479 1446 520 intellectus
1468 486 1533 519 est
1555 479 1611 519 ab
1632 480 1796 520 extrin-
1818 498 1833 527 5

277 560 375 587 seco
406 548 594 596 veniens,
621 553 665 587 et
696 547 779 588 alie
812 548 1013 600 potencie
1035 548 1278 588 educuntur
1297 549 1352 589 de
1378 549 1581 601 potencia
1609 549 1797 598 seminis,

277 622 320 656 et
362 615 403 655 in
446 615 534 655 ΧΙΟ
565 615 879 668 Metlzaplcz'sice
915 616 1020 657 illud
1054 617 1172 657 idem
1208 618 1350 666 docet,
1377 624 1421 658 et
1457 617 1588 658 nichil
1626 624 1796 659 tantum

276 678 481 725 certificat
518 685 559 724 in
593 698 670 725 sua
704 685 991 738 philosophia.
1055 685 1113 726 Et
1154 685 1384 726 Avicenna
1424 692 1466 726 et
1505 685 1713 727 Averrois
1754 693 1799 728 et

277 766 426 793 omnes
464 752 711 807 philosophi
746 754 896 794 dicunt
933 754 1039 795 illud
1071 754 1201 803 idem,
1235 760 1277 795 et
1313 754 1397 795 hoc
1429 756 1667 796 concordat
1699 768 1796 796 cum

277 821 375 870 fide,
398 827 445 861 ut
466 821 557 861 sola
579 835 742 875 ymago
766 822 849 863 Dei
873 828 1051 871 creetur,
1075 830 1141 863 set
1162 823 1241 864 hec
1263 830 1328 864 est
1351 824 1496 864 anima
1524 823 1796 865 intellectiva.
1822 841 1859 862 10

277 891 370 930 Nec
402 895 467 930 est
498 890 662 943 aliquid
697 897 849 932 contra
874 891 956 932 hoc
979 892 1059 932 nisi
1082 893 1273 944 quedam
1304 893 1585 934 auctoritates
1613 894 1795 933 duorum

277 959 484 1000 librorum
507 960 579 1012 qui
603 973 687 999 non
710 967 810 1000 sunt
833 961 1055 1012 autentici,
1079 961 1255 1011 scilicet,
1273 961 1340 1001 Dc
1365 962 1540 1015 Spiritu
1559 968 1602 1002 et
1619 962 1798 1010 Anima,

278 1036 320 1069 et
348 1027 417 1068 De
444 1027 759 1069 Ecclcsz‘astz‘cis
785 1029 1083 1082 Dogmalihns.
1145 1030 1245 1071 Non
1277 1031 1393 1071 enim
1421 1038 1521 1071 sunt
1547 1031 1799 1084 Augustini,

276 1104 324 1137 ut
355 1097 481 1149 periti
513 1097 707 1151 theologi
739 1098 892 1147 sciunt,
915 1098 1016 1140 licet
1047 1099 1179 1152 aliqui
1212 1100 1416 1140 estimare
1449 1099 1651 1140 solebant
1680 1101 1797 1153 quod

275 1171 420 1206 essent
450 1164 699 1218 Augustini.
762 1167 839 1208 Set
872 1181 949 1207 nec
983 1167 1235 1220 Gregoriani
1281 1175 1396 1219 sunt,
1436 1182 1513 1209 nec
1556 1168 1858 1218 Heronimi,15

278 1248 355 1275 nec
377 1233 616 1285 Ambrosii,
638 1249 715 1276 nec
745 1236 874 1284 Bede‚
906 1250 984 1278 nec
1014 1237 1194 1290 alicujus
1224 1238 1412 1278 auctoris
1442 1236 1608 1278 famosi.
1671 1237 1731 1278 Et
1757 1237 1798 1277 in

278 1304 359 1344 illis
392 1303 515 1345 libris
548 1304 721 1345 videtur
751 1305 835 1346 dici
869 1307 925 1346 ad
963 1306 1130 1346 literam
1166 1307 1284 1359 quod
1315 1313 1599 1347 concreentur
1625 1312 1798 1360 vegeta-

276 1373 412 1413 tivum
435 1379 479 1412 et
507 1374 765 1414 sensitivum
793 1387 889 1414 cum
922 1374 1198 1426 intellectivo‚
1221 1382 1264 1416 et
1294 1382 1548 1428 separentur
1574 1375 1615 1415 in
1645 1381 1797 1415 morte.

280 1442 339 1481 Et
361 1441 462 1495 quia
485 1441 545 1481 hii
568 1442 664 1481 libri
690 1449 790 1483 sunt
813 1443 1006 1496 apocrifi,
1028 1458 1131 1497 ergo
1153 1457 1238 1484 non
1261 1450 1406 1497 potest
1436 1444 1598 1497 aliquid
1626 1444 1799 1498 probari

278 1525 354 1564 per
386 1524 474 1561 eos,
503 1511 707 1564 precipue
739 1512 812 1552 ubi
845 1525 1015 1552 summa
1047 1512 1277 1553 difficultas
1310 1519 1352 1553 et
1383 1513 1609 1554 contencio
1642 1513 1799 1554 accidit
1820 1531 1860 1553 20

278 1578 454 1620 infinita.
514 1579 572 1619 Et
617 1580 983 1620 considerandum
1033 1588 1097 1622 est
1143 1581 1259 1634 quod
1302 1583 1440 1622 sancti
1490 1582 1628 1622 multa
1667 1583 1799 1623 verba

278 1647 549 1701 protulerunt
572 1662 629 1688 ex
652 1649 856 1689 incidenti
879 1651 1115 1690 secundum
1139 1651 1318 1690 modum
1335 1650 1557 1703 vulgarem
1579 1650 1799 1703 loquendi,

135 1726 174 1753 32
195 1734 212 1753 a
234 1733 259 1753 1.
279 1717 333 1757 de
355 1718 513 1769 quibus
542 1731 627 1758 non
660 1719 936 1772 inquirebant
970 1719 1275 1759 certitudinem
1303 1719 1413 1760 circa
1441 1719 1524 1760 alia
1552 1718 1556 1774 Ι
1586 1721 1799 1773 occupati,

278 1786 388 1826 sicut
410 1787 552 1826 omnis
573 1787 705 1828 homo
728 1788 768 1827 in
793 1788 1086 1840 perpetrando
1121 1788 1267 1840 aliqua
1288 1789 1585 1842 principaliter
1611 1789 1799 1842 loquitur

280 1855 445 1908 aliquid
485 1856 724 1897 incidenter
755 1857 809 1897 de
841 1871 929 1910 quo
966 1871 1051 1897 non
1086 1857 1297 1899 certificat
1334 1858 1406 1898 illa
1442 1859 1547 1899 vice.
1609 1859 1668 1899 Et
1701 1859 1798 1899 ideo
1822 1882 1835 1901 ,ν

281 1924 487 1965 dixerunt
509 1926 647 1966 sancti
677 1939 759 1978 que
786 1933 936 1978 postea
963 1933 1315 1976 retractaverunt,
1338 1934 1379 1967 et
1412 1928 1447 1967 si
1468 1927 1567 1980 plus
1589 1928 1799 1969 vixissent

282 1994 423 2034 adhuc
476 1994 601 2047 plura
652 1995 1002 2036 retractavissent
1046 2003 1120 2036 aut
1169 2009 1215 2036 se
1259 1996 1578 2049 exposuissent.
1669 1997 1800 2038 Unde

282 2063 433 2103 beatus
472 2062 707 2116 Gregorius
745 2064 850 2104 dicit
887 2064 927 2103 in
965 2064 1135 2105 Omelia
1172 2066 1290 2116 quod
1327 2064 1477 2118 plante
1516 2078 1603 2105 non
1638 2064 1800 2106 habent

277 2131 469 2171 animam
493 2138 556 2172 set
578 2132 852 2182 viriditatem,
875 2139 917 2173 et
939 2132 1118 2174 ecclesia
1141 2133 1304 2173 recitat.
1368 2133 1444 2174 Set
1472 2140 1619 2175 tamen
1648 2147 1799 2175 omnes

283 2200 640 2254 philosophantes
664 2207 706 2242 et
728 2201 922 2254 theologi
945 2202 1086 2242 sciunt
1109 2203 1226 2255 quod
1257 2203 1406 2256 plante
1426 2203 1589 2244 habent
1610 2203 1798 2244 animam
1819 2224 1860 2254 30

281 2270 584 2321 vegetativam,
604 2270 701 2311 licet
723 2284 810 2311 non
832 2271 1098 2311 sensitivam.
1160 2270 1255 2311 Aut
1270 2285 1372 2325 ergo
1391 2271 1541 2312 beatus
1565 2271 1800 2325 Gregorius

283 2352 372 2379 non
394 2339 577 2392 percipit
602 2340 831 2380 veritatem
856 2340 897 2380 in
920 2340 1002 2380 hoc
1032 2353 1149 2388 casu,
1170 2347 1246 2380 aut
1268 2340 1501 2393 vulgariter
1522 2340 1691 2381 locutus
1720 2348 1798 2389 est,

282 2408 385 2459 quia
408 2408 643 2448 multitudo
665 2408 888 2449 hominum
923 2423 1007 2449 non
1037 2410 1211 2450 estimat
1241 2410 1357 2461 quod
1387 2409 1534 2449 anima
1561 2409 1616 2450 sit
1647 2409 1727 2451 nisi
1756 2410 1797 2449 in

281 2475 558 2525 animalibus,
589 2484 664 2517 aut
694 2478 863 2531 accepit
897 2479 1088 2518 animam
1123 2492 1201 2530 pro
1233 2491 1284 2518 ea
1312 2491 1396 2530 que
1428 2485 1492 2519 est
1521 2479 1561 2518 in
1595 2480 1730 2520 brutis
1755 2487 1798 2521 et

327 2622 347 2650 3
370 2614 425 2642 De
441 2612 592 2652 Anima]
611 2612 643 2644 ii.
666 2622 734 2651 150.
849 2624 867 2652 5
893 2615 947 2643 De
962 2612 1215 2653 Animalibus]
1235 2612 1272 2643 de
1291 2612 1368 2643 Gen.
1384 2613 1453 2643 An.
1475 2613 1494 2643 i.
1517 2614 1564 2643 18.
1682 2623 1720 2644 12
1744 2617 1799 2645 De

283 2664 430 2698 Spiritu
445 2667 482 2694 et
497 2663 650 2704 Anima]
666 2664 711 2703 by
728 2664 852 2695 Alcher
869 2664 908 2695 of
918 2664 1099 2695 Clairvaux
1115 2665 1210 2704 (12th
1228 2665 1345 2703 cent).
1503 2674 1542 2703 13
1565 2667 1619 2696 De
1636 2667 1801 2697 Ecclesi-

283 2716 409 2746 asticis
425 2715 687 2755 Dogmatibus]
706 2717 750 2755 by
769 2716 965 2747 Gennadius
983 2717 1022 2746 of
1036 2716 1235 2756 Marseilles,
1252 2726 1278 2747 c,
1298 2726 1370 2756 495.
1515 2718 1556 2747 28
1580 2718 1800 2758 Gregorius]

283 2765 317 2794 in
337 2765 393 2796 the
411 2766 529 2806 eighth
547 2767 658 2798 lesson
676 2777 719 2797 on
737 2768 925 2798 Ascension
945 2768 1028 2807 Day.
