1898 3126
818 116 896 145 211

98 229 228 256 causa
256 215 483 269 gravitatis
517 215 596 256 fuit
628 214 834 268 plenum:
866 217 1123 258 estimantes
1152 219 1271 270 quod
1303 219 1337 258 si
1371 220 1622 272 oppositum

98 285 153 324 de
174 285 393 337 opposito,
415 290 458 324 et
481 284 753 337 propositum
777 285 833 325 de
854 286 1094 338 proposito.
1157 286 1218 327 Et
1240 286 1352 335 ideo,
1373 300 1472 327 cum
1495 301 1625 327 omne

97 366 229 406 grave
261 352 316 391 sit
353 351 545 404 plenum,
576 364 708 392 omne
742 352 836 393 leve
869 353 948 392 erit
983 366 1181 404 vacuum,
1218 361 1260 394 et
1301 355 1402 406 quia
1438 369 1622 395 vacuum

98 420 290 468 attrahit,
314 426 380 460 est
409 420 520 459 sicut
549 418 738 460 calidum
771 426 814 461 et
841 419 948 469 leve,
973 427 1154 461 ventosa
1182 422 1298 462 enim
1324 435 1462 463 vacua
1490 423 1624 463 trahit

61 502 77 534 5
97 488 323 528 humorem
356 487 412 528 ad
435 501 492 535 se,
516 493 559 527 et
582 487 694 541 ignis
721 488 863 528 elevat
884 502 1106 541 vaporem,
1129 496 1173 530 et
1203 490 1379 530 urinalis
1408 489 1622 530 orificium

97 554 322 596 includens
352 554 581 596 candelam
612 557 653 595 in
682 556 797 609 pelvi
826 556 1015 598 habente
1046 571 1216 610 aquam,
1245 558 1425 598 attrahit
1454 559 1626 599 racione

98 624 338 674 vacuitatis,
361 630 404 664 et
437 624 497 664 sic
527 624 583 664 de
612 624 759 665 multis
787 625 982 678 ingeniis.
1048 625 1180 667 Unde
1209 633 1448 680 posuerunt
1479 628 1624 679 ignem

98 691 152 731 de
173 698 328 733 natura
350 692 474 733 vacui
497 706 505 742 ;
539 699 582 734 et
605 700 785 746 propter
810 694 908 743 hoc,
932 695 1049 747 quod
1072 695 1182 747 ignis
1205 702 1269 736 est
1293 709 1359 735 res
1381 695 1563 745 subtilis,
1583 702 1626 735 et

96 773 278 800 vacuum
300 760 510 801 similiter.

4 880 5 883 Ἴ
44 848 80 868 10
157 829 236 870 Set
257 844 404 870 eorum
428 830 595 883 posicio
618 831 792 871 nuncin
813 831 1043 872 universali
1066 832 1316 881 destruitur,
1338 833 1439 885 quia
1462 833 1503 872 in
1527 847 1625 885 par-

97 897 266 938 ticulari
290 899 538 939 destruetur
560 899 603 938 in
626 905 814 940 tractatu
837 899 887 939 de
908 901 1135 940 elementis.
1197 900 1293 941 Aut
1320 901 1436 941 enim
1460 909 1628 954 ponunt

98 966 192 1006 leve
223 980 317 1007 esse
346 980 503 1020 purum
535 980 734 1017 vacuum,
762 975 836 1008 aut
867 968 1029 1009 habere
1060 969 1222 1021 aliquid
1255 970 1310 1010 de
1342 969 1485 1022 pleno.
1547 969 1625 1010 Set

98 1049 255 1090 purum
285 1049 473 1077 vacuum
505 1049 599 1076 esse
630 1049 715 1076 non
749 1043 907 1088 potest,
935 1038 1038 1090 quia
1069 1051 1169 1077 cum
1201 1051 1387 1078 vacuum
1419 1039 1475 1079 sit
1507 1038 1626 1079 locus

101 1117 331 1157 corporum
367 1104 606 1145 secundum
643 1118 729 1155 eos,
764 1112 877 1145 esset
916 1105 1036 1146 locus
1079 1106 1174 1156 loci,
1210 1106 1312 1159 quia
1348 1106 1441 1147 leve
1483 1107 1627 1159 querit

3 1158 6 1223 l
45 1186 81 1218 15
103 1172 246 1214 locum
284 1185 469 1223 sursum,
501 1180 544 1213 et
587 1173 644 1213 sic
677 1186 754 1226 per
786 1174 971 1214 eandem
1004 1174 1223 1215 racionem
1257 1174 1329 1214 ille
1362 1175 1480 1215 locus
1511 1182 1625 1215 esset

0 2592 7 2630 'l

2 2637 8 2689 l

100 1240 234 1290 tercii,
273 1246 316 1281 et
348 1241 406 1282 sic
446 1241 488 1281 in
523 1240 752 1281 infinitum.
831 1242 957 1293 Item,
991 1256 1090 1283 cum
1126 1256 1313 1282 vacuum
1348 1256 1434 1283 non
1466 1243 1625 1284 habeat

100 1308 291 1361 aliquam
308 1309 660 1351 convenienciam
683 1309 937 1357 naturalem,
952 1323 1038 1362 qua
1057 1312 1194 1362 magis
1216 1319 1281 1351 est
1303 1325 1474 1352 sursum
1497 1325 1628 1364 quam

102 1377 336 1426 deorsum3
368 1391 486 1431 ergo,
510 1377 606 1418 leve
634 1378 753 1430 quod
784 1377 831 1417 fit
861 1391 919 1417 ex
948 1392 1097 1427 vacuo,
1118 1385 1194 1419 aut
1234 1393 1450 1432 nusquam
1481 1393 1627 1420 move-

104 1451 229 1495 retur,
247 1452 322 1486 aut
344 1446 386 1485 in
408 1453 579 1499 partem
602 1459 777 1487 omnem
801 1446 933 1487 simul
955 1452 998 1486 et
1021 1446 1169 1497 semel,
1185 1461 1371 1499 quorum
1396 1454 1628 1501 utrumque

47 1527 85 1548 20
103 1520 167 1554 est
189 1515 505 1555 inconveniens.
568 1515 695 1565 Item,
716 1528 902 1555 vacuum
926 1528 1012 1556 non
1041 1522 1106 1556 est
1128 1516 1275 1569 aliqua
1302 1524 1455 1557 natura
1475 1530 1483 1566 ;
1516 1531 1631 1570 ergo,

103 1595 188 1623 non
212 1589 276 1623 est
299 1597 428 1624 causa
450 1584 664 1636 passionis
686 1583 906 1634 naturalis,
924 1590 968 1624 et
985 1585 1043 1624 ita
1067 1598 1152 1624 non
1173 1585 1370 1626 causabit
1393 1586 1628 1626 levitatem.

106 1651 274 1697 Eodem
307 1652 450 1700 modo,
480 1665 557 1692 nec
588 1651 669 1692 erit
701 1651 796 1692 leve
827 1653 1121 1705 compositum
1153 1667 1211 1693 ex
1241 1653 1371 1706 pleno
1403 1661 1447 1694 et
1478 1668 1629 1703 vacuo,

104 1720 205 1772 quia
227 1719 346 1760 nulla
375 1720 608 1772 proporcio
636 1726 701 1760 est
723 1721 846 1761 vacui
876 1721 930 1760 ad
965 1720 1143 1774 plenum
1170 1719 1175 1775 Ι
1205 1722 1282 1762 sed
1315 1723 1630 1774 componencia

105 1788 268 1840 aliquid
305 1787 467 1828 habent
510 1787 703 1840 aliquam
741 1788 1088 1841 proporcionem.
1162 1789 1289 1841 Item,
1326 1790 1361 1829 si
1398 1789 1493 1839 hoc⁷
1526 1797 1630 1831 tunc

49 1864 86 1896 ²5
105 1855 234 1897 nichil
277 1855 359 1896 erit
400 1855 656 1909 simpliciter
693 1861 736 1895 et
778 1856 977 1896 absolute
1018 1856 1111 1897 leve
1152 1870 1229 1897 nec
1272 1871 1415 1910 grave,
1453 1859 1555 1910 quia
1596 1859 1630 1898 si

106 1923 199 1964 leve
230 1931 297 1964 est
329 1924 448 1976 quod
480 1923 615 1963 habet
642 1923 807 1975 aliquid
836 1924 891 1963 de
918 1923 1000 1963 levi
1034 1932 1077 1965 et
1106 1923 1248 1976 pleno,
1281 1932 1324 1966 et
1356 1940 1488 1979 grave
1517 1928 1632 1967 simi-

106 1991 213 2040 liter,
250 1998 293 2032 et
329 2005 516 2031 vacuum
554 1998 620 2032 est
653 2005 781 2031 causa
814 1991 929 2042 levis,
965 1991 1141 2045 plenum
1176 2006 1306 2034 causa
1341 1996 1496 2046 gravis,
1532 2002 1632 2036 tunc

107 2072 183 2100 nec
226 2061 307 2101 erit
348 2065 463 2099 terra
496 2058 696 2100 absolute
729 2061 881 2112 gravis,
918 2073 996 2101 nec
1030 2061 1139 2113 ignis
1176 2062 1376 2102 absolute
1414 2062 1532 2114 levis,
1568 2072 1633 2104 set

106 2128 246 2169 solum
274 2129 316 2168 in
349 2134 558 2181 respectu,
580 2134 627 2168 ut
649 2142 762 2181 aqua
781 2135 834 2182 ⁴et
862 2141 947 2168 aer.
1011 2129 1197 2182 Oportet
1224 2131 1338 2170 enim
1371 2132 1490 2183 quod
1523 2138 1634 2172 esset

49 2210 88 2240 30
106 2210 212 2249 pure
235 2197 340 2238 leve.

167 2265 280 2306 Cum
304 2265 489 2306 obicitur
517 2280 593 2319 per
625 2266 1021 2306 consideracionem
1049 2267 1303 2308 Aristotelis
1332 2269 1387 2309 de
1419 2270 1629 2323 oppositis

109 2339 151 2374 et
182 2335 426 2387 propositis,
459 2335 692 2375 dicendum
727 2342 792 2375 est
823 2335 942 2386 quod
973 2335 1221 2388 hujusmodi
1254 2345 1513 2389 argumenta
1545 2351 1631 2379 non

109 2408 269 2452 tenent,
301 2403 479 2455 quando
513 2403 594 2443 sub
629 2416 716 2443 uno
748 2409 949 2444 extremo
983 2405 1110 2444 unius
1141 2405 1462 2446 contrarietatis
1493 2406 1630 2447 conti-

109 2477 263 2512 nentur
284 2472 414 2513 ambo
437 2479 637 2512 extrema
667 2472 853 2521 alterius,
875 2478 922 2512 ut
952 2473 1237 2526 prodigalitas
1260 2480 1303 2514 et
1325 2474 1511 2515 avaricia
1532 2480 1634 2515 sunt

151 2624 171 2651 4
195 2613 348 2654 attrahit]
366 2618 546 2645 attractum
562 2614 607 2645 F:
632 2614 862 2644 aceidencium
878 2614 913 2644 D
1043 2616 1064 2644 6
1087 2615 1195 2655 pelvi]
1219 2615 1310 2655 pleni
1326 2616 1360 2646 D
1495 2627 1533 2647 12
1559 2617 1637 2657 Set]

110 2663 146 2694 Si
162 2664 196 2694 F
369 2675 406 2705 17
433 2676 498 2705 qua
512 2677 580 2697 om.
597 2665 631 2695 D
771 2666 839 2706 est]
855 2675 931 2696 cum
948 2665 983 2695 D
1159 2677 1197 2696 21
1224 2668 1341 2708 causa]
1359 2668 1471 2708 aliqua
1488 2678 1589 2699 causa
1604 2669 1638 2698 D

110 2725 150 2746 22
174 2721 208 2747 et
224 2727 330 2748 vacuo
346 2728 411 2749 om.
430 2718 464 2747 D
638 2728 680 2757 29
705 2717 868 2757 Oportet]
888 2717 1072 2757 Oporteret
1089 2718 1124 2747 D
1300 2729 1352 2758 32,
1372 2729 1415 2758 33
1438 2725 1636 2759 argumenta

110 2777 177 2798 non
194 2769 329 2810 tenent]
347 2774 582 2808 argumentum
599 2779 666 2800 non
685 2774 779 2800 tenet
794 2768 857 2798 FD

1651 1728 1774 1759 6001,
