1877 3131
130 1564 227 1594 7.1.

978 129 1054 169 166

248 245 504 297 triangulus,
532 251 597 285 set
629 243 736 283 alius
768 242 925 295 specie,
950 248 992 282 et
1022 241 1144 291 alius,
1174 247 1216 281 et
1244 241 1305 281 sic
1332 241 1533 282 denarius
1563 241 1605 281 in
1632 241 1781 282 decem

249 313 498 354 hominibus
521 319 563 353 et
593 312 743 352 decem
770 311 894 363 equis
923 317 987 350 est
1018 310 1133 350 idem
1163 322 1368 350 numerus
1399 310 1556 362 specie,
1577 315 1641 350 set
1663 310 1782 360 alius,

249 389 293 423 et
325 382 433 422 alius
470 394 659 422 numero.
725 379 784 420 Et
824 380 921 420 ideo
952 378 1125 419 videtur
1161 377 1281 431 quod
1316 377 1580 418 Aristoteles
1612 385 1782 420 contra-

249 451 368 491 dicat
390 450 483 500 sibi,
508 456 581 490 aut
604 449 721 501 quod
745 455 920 499 tempus
947 447 1025 487 erit
1055 459 1188 486 unum
1218 446 1371 499 specie,
1393 452 1437 487 et
1469 459 1555 487 non
1589 460 1782 497 numero,

249 519 455 571 quoniam
479 519 520 558 in
548 518 633 558 fine
659 516 837 569 capituli
856 515 1042 556 habetur
1056 515 1175 568 quod
1196 528 1401 555 numerus
1415 520 1480 555 est
1499 515 1614 555 idem
1638 516 1783 568 specie

248 594 293 627 et
330 600 417 627 non
458 598 667 633 numero;
712 591 778 625 set
816 585 936 638 prius
980 584 1021 623 in
1065 584 1221 624 eodem
1259 583 1451 638 capitulo
1483 583 1623 624 voluit
1663 584 1782 637 quod

251 663 425 709 tempus
468 654 594 694 fuerit
635 654 762 702 idem,
804 652 915 692 sicut
958 665 1164 693 numerus
1215 652 1428 693 denarius.
1493 652 1552 692 Et
1593 653 1707 703 ideo,
1747 652 1782 692 si

249 730 423 776 tempus
453 730 517 763 est
547 735 679 762 unum
707 734 900 770 numero,
922 720 1124 760 denarius
1152 720 1232 761 erit
1262 733 1371 761 unus
1403 734 1596 773 numero,
1618 727 1661 761 et
1683 720 1783 761 ideo

249 791 505 832 contradicit
528 790 609 830 sibi
633 790 674 829 in
698 789 907 829 denario.>
963 788 1010 830 Si
1034 803 1134 830 vero
1162 789 1365 830 denarius
1397 797 1462 830 est
1491 789 1605 830 idem
1628 789 1782 844 specie,

246 867 291 900 et
329 865 502 911 tempus
543 859 676 899 habet
709 857 895 898 similem
931 858 1154 908 unitatem,
1189 863 1292 898 tunc
1330 864 1504 912 tempus
1535 859 1614 898 erit
1649 871 1780 899 unum

247 928 401 981 specie,
424 928 541 980 quod
565 933 629 967 est
652 927 930 980 impossibile,
953 933 996 968 et
1021 933 1173 968 contra
1197 927 1326 968 dicta.

308 996 380 1036 Ad
404 994 729 1037 certificandum
762 995 864 1036 istas
894 996 1209 1049 perplexitates
1240 996 1418 1048 quidam
1448 994 1598 1036 volunt
1627 995 1781 1045 dicere,

246 1065 483 1105 secundum
512 1065 644 1104 verba
672 1063 1056 1113 Commentatoris‚
1086 1064 1201 1105 male
1231 1063 1440 1104 translata
1468 1063 1637 1112 saltem,
1660 1065 1781 1117 quod

246 1146 452 1173 numerus
475 1138 538 1172 est
561 1132 601 1172 in
629 1133 786 1184 anima,
806 1138 850 1172 et
867 1133 967 1173 ideo
982 1146 1069 1173 non
1087 1139 1338 1173 numeratur
1356 1132 1410 1172 ad
1427 1132 1781 1174 numeracionem

247 1214 400 1252 rerum,
423 1201 490 1241 vel
512 1201 667 1242 saltem
688 1202 910 1254 dependet
928 1202 984 1242 ab
1006 1201 1162 1252 anima,
1181 1202 1297 1253 quod
1320 1214 1405 1241 non
1428 1201 1482 1241 sit
1506 1201 1548 1240 in
1571 1207 1668 1242 actu
1690 1201 1781 1242 sine

245 1282 310 1317 ea,
332 1277 395 1309 set
430 1269 471 1308 in
500 1270 714 1322 potencia,
737 1269 845 1310 sicut
873 1284 950 1310 sua
977 1270 1125 1322 opinio
1152 1277 1215 1310 est
1250 1270 1304 1310 de
1337 1275 1562 1322 tempore;
1595 1275 1638 1310 et
1660 1269 1782 1317 sicut,

247 1351 324 1391 per
352 1337 534 1378 eandem
564 1344 715 1387 artem,
738 1338 779 1378 in
810 1339 955 1379 anima
983 1337 1091 1379 fiunt
1125 1339 1292 1379 diversa
1323 1344 1449 1378 extra
1481 1351 1591 1387 eam,
1619 1337 1678 1379 sic
1705 1351 1782 1390 per

246 1408 433 1447 eundem
476 1419 704 1446 numerum
751 1407 792 1446 in
835 1407 979 1447 anima
1027 1413 1313 1448 numerantur
1354 1407 1534 1447 diversa.
1617 1406 1698 1448 Set
1745 1406 1779 1447 si

246 1487 449 1514 numerus
467 1481 577 1514 esset
599 1475 639 1514 in
664 1475 822 1526 anima,
838 1482 941 1515 tunc
963 1476 1110 1515 anima
1127 1482 1241 1516 esset
1264 1482 1438 1527 quanta,
1453 1475 1553 1528 quia
1575 1488 1780 1515 numerus

249 1550 314 1583 est
343 1544 562 1594 quantitas
591 1542 595 1597 i
624 1557 737 1593 vera,
769 1549 812 1584 et
838 1544 898 1585 ita
930 1544 1075 1585 anima
1105 1557 1190 1585 una
1211 1550 1322 1584 esset
1354 1543 1499 1584 multe.
1564 1543 1693 1595 Item,
1716 1557 1780 1584 res
1803 1560 1816 1580 2

247 1617 472 1651 numerate
494 1612 694 1651 dicuntur
715 1625 815 1652 vere
837 1612 1051 1652 numerari
1074 1626 1098 1652 a
1121 1625 1301 1652 numero
1323 1625 1414 1651 suo.
1479 1610 1557 1652 Set
1579 1611 1613 1651 si
1635 1612 1781 1653 anima

248 1692 335 1718 non
357 1686 482 1729 esset,
504 1687 646 1720 essent
676 1694 741 1719 res
771 1687 996 1720 numerate
1027 1680 1083 1720 ab
1113 1681 1276 1721 eisdem
1303 1680 1503 1729 numeris,
1526 1686 1573 1720 ut
1594 1680 1690 1731 due,
1711 1680 1779 1721 vel

247 1754 347 1798 tres,
367 1747 434 1788 vel
464 1755 771 1801 quotcunque3
809 1762 928 1801 ergo,
951 1762 1037 1789 non
1069 1749 1290 1801 dependet
1319 1761 1523 1789 numerus
1556 1761 1696 1789 rerum
1724 1749 1780 1789 ab

247 1817 402 1856 anima.
467 1816 527 1856 Et
550 1817 719 1866 iterum,
742 1831 841 1857 cum
867 1831 931 1857 res
959 1817 1103 1870 plures
1126 1823 1168 1857 et
1193 1817 1370 1866 diverse,
1394 1823 1441 1857 ut
1469 1818 1569 1865 duO‚
1592 1817 1660 1857 vel
1682 1823 1780 1866 tres,

247 1884 315 1923 vel
337 1898 606 1937 quecunque,
634 1887 748 1934 date,
772 1893 873 1926 sunt
896 1899 1070 1938 semper
1092 1899 1193 1926 vere
1216 1892 1379 1938 quante
1405 1899 1430 1924 a
1453 1899 1646 1935 numero,
1669 1885 1780 1926 sicut

245 1965 272 1991 a
297 1953 608 2004 magnitudine,
631 1960 745 2003 tunc,
768 1955 801 1993 si
833 1967 1035 1993 numerus
1063 1959 1174 1994 esset
1197 1953 1238 1993 in
1266 1954 1426 2005 anima,
1453 1960 1528 1994 aut
1557 1967 1645 1995 non
1668 1960 1780 1995 esset

247 2020 287 2059 in
326 2021 453 2060 rebus
483 2021 524 2061 in
552 2028 650 2061 actu
688 2022 780 2062 sine
814 2023 972 2073 anima,
1001 2029 1104 2063 tunc
1134 2036 1199 2062 res
1229 2028 1371 2062 essent
1404 2028 1565 2074 quante
1597 2028 1640 2063 et
1667 2035 1779 2072 vere,

248 2088 347 2128 licet
367 2089 586 2140 quantitas
609 2103 757 2129 earum
781 2090 835 2130 sit
858 2091 899 2130 in
923 2091 1009 2131 alio
1031 2098 1075 2132 et
1101 2104 1186 2130 non
1217 2091 1258 2130 in
1288 2096 1387 2131 actu
1410 2091 1452 2130 in
1478 2090 1552 2142 eis,
1574 2091 1691 2143 quod
1714 2097 1779 2131 est

247 2155 497 2196 absurdum.
574 2157 633 2197 Et
672 2158 839 2207 iterum,
876 2157 1075 2208 finaliter,
1112 2159 1374 2199 auctoritate
1416 2158 1670 2199 Aristotelis
1704 2158 1777 2198 de-

1804 535 1821 565 5

1855 708 1861 860 ι

1806 874 1843 896 10

1804 1217 1866 1312 ¹51

1801 1901 1839 1932 ²5

246 2223 424 2262 struitur
438 2223 517 2264 hec
535 2225 709 2277 posici0‚
729 2239 781 2266 eo
799 2226 917 2278 quod
936 2227 977 2266 in
1002 2225 1085 2267 fine
1108 2226 1286 2279 capituli
1305 2227 1423 2278 dicit,
1440 2227 1558 2279 quod
1573 2239 1778 2267 numerus
1798 2241 1838 2272 30

246 2303 332 2330 non
365 2297 429 2330 est
461 2305 568 2332 unus
599 2305 792 2343 numero,
814 2302 879 2335 set
911 2295 1084 2348 specie3
1116 2301 1296 2348 propter
1326 2295 1444 2347 quod
1471 2294 1542 2335 alii
1574 2294 1778 2336 dixerunt

244 2359 364 2410 quod
388 2371 591 2399 numerus
614 2368 679 2400 est
704 2361 744 2400 in
768 2362 894 2402 rebus
919 2363 1157 2403 secundum
1182 2363 1419 2402 veritatem.
1473 2362 1550 2402 Set
1567 2362 1668 2415 quia
1690 2375 1777 2403 non

247 2425 377 2465 habet
401 2427 666 2478 posicionem
690 2429 731 2468 in
755 2430 825 2478 eis,
848 2430 945 2470 ideo
967 2444 1053 2471 non
1075 2437 1331 2471 numeratur
1361 2430 1600 2470 secundum
1630 2443 1776 2471 earum

245 2495 617 2535 numeracionem:
655 2497 796 2537 unitas
820 2498 933 2538 enim
964 2512 1050 2539 non
1080 2499 1213 2539 habet
1236 2499 1507 2551 posicionem
1531 2511 1609 2539 nec
1632 2499 1778 2547 situm,

290 2635 353 2671 5“6
370 2635 524 2673 quoniam
537 2660 543 2667 .
558 2659 564 2667 .
580 2659 586 2667 .
601 2647 742 2667 numero
756 2648 819 2667 om.
835 2638 867 2667 F
951 2649 966 2677 7
987 2639 1078 2679 ideo]
1094 2639 1138 2669 ita
1151 2639 1184 2669 D
1277 2650 1313 2677 14
1335 2649 1402 2669 non
1416 2650 1480 2669 0111.
1496 2639 1529 2669 D
1610 2647 1648 2678 15
1666 2649 1776 2669 rerum

244 2694 310 2714 om.
332 2685 364 2713 D
498 2687 535 2716 18
560 2687 710 2727 diversa]
729 2689 943 2719 diversantur
960 2689 994 2719 D
1116 2700 1153 2720 21
1182 2695 1358 2720 numerate
1375 2700 1440 2721 om.
1459 2690 1493 2719 D
1613 2699 1655 2728 25
1681 2690 1776 2730 sunt]

246 2734 311 2764 sint
329 2735 360 2763 F
443 2746 482 2774 27
508 2738 648 2778 quante]
666 2744 790 2776 quante
807 2749 943 2779 semper
961 2740 994 2770 D
1083 2751 1124 2779 30
1145 2747 1196 2781 pr.
1218 2742 1324 2782 quod]
1343 2742 1420 2780 quia
1438 2741 1502 2771 FD
1592 2751 1633 2780 34
1658 2741 1776 2781 situm]

246 2786 353 2824 figura
371 2791 480 2817 tamen
500 2788 531 2817 F
