1877 3131
966 126 1046 164 140

237 227 466 268 albedinis.
529 228 599 268 De
640 227 911 281 proprietate
952 241 1057 268 vero
1099 227 1312 268 albedinis
1355 233 1421 268 est
1462 233 1510 268 ut
1551 226 1771 280 disgreget

238 297 394 346 visum,
423 296 661 336 secundum
694 309 973 338 communem
1001 295 1268 350 posicionem
1297 294 1673 350 philosophorum,
1703 302 1770 337 set

237 364 406 405 racione
427 363 608 417 subjecti
630 372 695 405 est
717 379 818 405 vera
840 378 917 417 per
946 365 1157 406 accidens.
1223 364 1282 405 Et
1303 364 1384 405 hec
1406 371 1469 404 est
1491 377 1594 405 vera
1615 377 1693 416 per
1713 377 1769 413 se,

235 432 407 473 ‘album
449 431 603 473 currit’
648 440 843 487 respectu
887 432 1084 486 subjecti,
1126 438 1170 473 et
1211 446 1289 486 per
1331 433 1532 474 accidens
1569 439 1768 486 respectu

234 501 458 542 albedinis.
544 501 764 551 Similiter,
796 507 1034 554 postquam
1071 500 1232 542 artifex
1266 501 1428 555 incepit
1464 501 1648 555 operari,
1687 501 1768 542 hec
1790 523 1807 554 5

234 570 481 623 proposicio
508 573 575 611 ‘es
597 570 791 611 existens
820 571 863 610 in
884 570 1088 623 potencia
1116 570 1171 610 ad
1194 576 1385 611 statuam
1416 577 1481 611 est
1503 570 1546 610 in
1574 576 1675 612 actu
1699 569 1767 610 es'

235 646 299 679 est
320 652 432 688 vera,
456 644 521 678 set
542 652 618 693 per
639 639 839 680 accidens
862 639 1037 679 racione
1059 638 1140 679 eris
1162 652 1240 691 per
1271 653 1317 680 se
1337 651 1440 679 vero
1468 639 1653 687 racione,
1676 652 1764 691 qua

228 707 320 759 jam
343 707 554 748 subicitur
578 707 827 748 alteracioni
852 713 893 747 et
916 708 1080 748 accioni
1103 707 1284 761 agentis.
1347 707 1424 748 Set
1447 707 1482 747 si
1505 707 1677 748 dicatur
1696 711 1707 728 ‘
1724 721 1769 748 es

233 777 275 815 in
304 776 506 829 potencia
528 776 583 816 ad
606 782 796 817 statuam
831 783 896 817 est
929 777 970 816 in
992 784 1091 816 actu
1115 777 1209 826 eris,
1231 777 1471 817 secundum
1495 777 1615 830 quod
1638 783 1702 818 est
1726 776 1769 816 in

231 844 470 896 potencia’‚
494 844 600 885 falsa
623 850 698 893 est,
720 844 821 897 quia
843 844 923 885 hec
943 844 1207 894 terminacio,
1229 844 1469 885 secundum
1493 845 1612 897 quod
1636 851 1701 886 est
1725 845 1768 885 in
1792 867 1830 891 10

232 913 434 964 potencia
455 913 510 952 ad
532 919 737 962 statuam,
760 926 846 954 non
876 914 1063 954 debetur
1095 913 1168 962 eri,
1199 918 1247 953 ut
1268 919 1334 954 est
1363 913 1406 953 in
1427 919 1527 955 actu
1556 927 1623 954 es:
1657 914 1769 954 sicut

232 980 309 1021 hec
342 987 405 1021 est
442 980 562 1030 falsa,
595 981 766 1022 ‘album
801 982 972 1023 racione
1005 981 1189 1035 subjecti
1223 981 1447 1035 disgregat
1479 982 1522 1021 in
1553 989 1767 1035 quantum

230 1047 505 1102 hujusmodi,'
527 1050 595 1089 vel
626 1049 799 1091 ‘album
832 1050 965 1091 currit
998 1050 1040 1089 in
1068 1057 1281 1103 quantum
1309 1050 1562 1103 hujusmodi
1594 1051 1769 1092 racione

231 1117 443 1158 albedinis
458 1116 467 1132 '
481 1133 490 1168 ;
522 1124 565 1159 et
592 1119 691 1160 ideo
716 1119 868 1169 voluit,
890 1119 1009 1172 quod
1032 1126 1178 1160 motus
1200 1120 1255 1160 sit
1276 1126 1400 1161 actus
1423 1120 1504 1161 eris
1532 1120 1762 1161 existentis

232 1187 273 1226 in
296 1187 512 1240 potencia,
535 1194 578 1229 et
599 1188 690 1238 hoc,
711 1190 948 1230 secundum
972 1189 1089 1242 quod
1114 1194 1178 1229 est
1201 1188 1244 1229 in
1268 1189 1471 1242 potencia
1492 1189 1548 1229 ad
1561 1195 1766 1240 statuam,
1792 1212 1826 1244 ¹5

232 1268 316 1296 non
342 1257 580 1297 secundum
607 1258 726 1310 quod
756 1263 821 1298 est
849 1271 894 1298 es
916 1258 959 1297 in
987 1264 1100 1299 actu.
1163 1257 1235 1298 Sic
1268 1258 1384 1299 enim
1414 1257 1522 1298 salsa
1553 1265 1666 1299 esset
1688 1272 1765 1299 sua

230 1324 488 1378 proposicio.
552 1325 724 1366 Deinde
746 1326 968 1366 sciendum
999 1333 1076 1374 est,
1108 1327 1213 1379 quid
1248 1334 1312 1368 est
1349 1334 1494 1367 motus
1525 1327 1765 1368 secundum

231 1406 323 1433 esse
345 1393 725 1445 predicamentale‚
748 1394 925 1445 scilicet,
949 1395 990 1434 in
1020 1408 1107 1447 quo
1130 1395 1459 1447 predicamento
1488 1395 1566 1436 sit:
1600 1402 1643 1436 et
1664 1395 1765 1437 licet

233 1461 370 1501 multa
392 1460 525 1502 verba
547 1461 653 1502 fiant
675 1463 729 1503 de
750 1462 845 1510 hoc,
869 1470 913 1504 et
936 1463 1071 1503 multe
1093 1463 1331 1516 opiniones,
1353 1470 1501 1505 tamen
1528 1465 1761 1506 dicendum

231 1536 308 1580 est,
330 1530 449 1583 quod
472 1537 536 1571 est
559 1531 601 1570 in
623 1532 757 1573 tercia
779 1533 924 1585 specie
945 1532 1181 1584 qualitatis.
1245 1532 1327 1574 Est
1349 1534 1465 1573 enim
1487 1534 1661 1586 passi03
1692 1533 1764 1575 illa
1788 1556 1827 1577 20

233 1599 347 1639 enim
403 1600 567 1652 species
617 1600 752 1641 tercia
804 1601 960 1642 dicitur
1010 1602 1155 1654 passio
1206 1608 1248 1641 et
1299 1602 1515 1654 passibilis
1561 1601 1760 1656 qualitas.

233 1666 454 1708 Passibilis
475 1681 577 1708 vero
600 1668 789 1720 qualitas
811 1675 886 1719 est,
911 1675 957 1709 ut
985 1669 1152 1711 rubedo
1174 1669 1217 1709 in
1242 1684 1348 1711 auro
1370 1671 1438 1711 vel
1461 1670 1559 1720 alio,
1581 1685 1667 1724 que
1697 1678 1761 1712 est

231 1735 418 1788 qualitas
440 1742 543 1777 nata
566 1750 820 1790 permanere
848 1739 890 1778 in
923 1752 1002 1779 suo
1032 1738 1244 1792 subjecto.
1306 1739 1456 1780 Passio
1486 1753 1588 1780 vero
1611 1747 1690 1790 est,
1713 1747 1761 1781 ut

231 1804 361 1845 rubor
401 1819 457 1845 ex
493 1806 765 1854 verecundia,
800 1813 844 1847 et
885 1806 1026 1860 pallor
1067 1821 1123 1847 ex
1165 1807 1333 1856 timore,
1373 1809 1475 1861 quia
1516 1808 1761 1861 subjectum

231 1873 394 1924 patitur
423 1880 466 1914 et
488 1874 693 1916 alteratur
714 1889 792 1928 per
813 1889 876 1926 ea,
898 1883 964 1917 set
987 1889 1073 1917 non
1090 1876 1247 1917 durant
1270 1877 1526 1918 naturaliter
1546 1884 1758 1931 quantum
1784 1898 1820 1929 25

81 1962 123 1993 59
139 1963 157 1983 a
178 1961 192 1983 2
229 1948 294 1982 est
312 1942 367 1982 de
388 1955 443 1983 se.
508 1943 608 1984 Hoc
631 1944 740 1994 dico,
758 1945 876 1997 quod
901 1945 943 1984 in
965 1951 1138 1986 tantum
1160 1946 1296 1998 possit
1318 1946 1453 1987 homo
1481 1945 1486 2000 Ι
1513 1946 1626 1988 affici
1643 1960 1761 1988 vere-

226 2011 395 2060 cundia,
419 2018 461 2052 et
490 2018 581 2053 tam
611 2013 698 2063 diu,
720 2020 763 2054 et
790 2020 883 2054 tam
906 2012 1088 2066 sortiter,
1110 2015 1229 2067 quod
1255 2028 1429 2068 semper
1459 2022 1699 2057 remaneret
1722 2016 1759 2057 ei

227 2080 404 2130 rubedo,
420 2087 464 2121 et
485 2081 683 2123 similiter
704 2082 758 2122 de
774 2082 937 2135 pallore
960 2097 1036 2136 per
1056 2083 1271 2133 timorem,
1294 2090 1338 2124 et
1361 2083 1513 2125 fierent
1536 2084 1762 2138 passibiles

226 2147 471 2200 qualitates
532 2147 609 2190 Set
635 2150 718 2191 hoc
751 2164 837 2192 non
873 2157 939 2192 est
971 2152 1026 2192 de
1057 2152 1324 2206 proprietate
1356 2153 1490 2206 ipsius
1524 2154 1752 2206 passioniS,

228 2228 305 2256 nec
327 2216 382 2257 de
403 2216 495 2269 ejus
516 2218 687 2267 virtute,
701 2226 766 2260 set
783 2220 885 2273 quia
899 2219 1068 2261 fortiter
1085 2220 1233 2261 obedit
1247 2227 1401 2262 natura
1414 2222 1759 2275 cogitacionibus
1780 2247 1821 2277 30

227 2284 371 2324 anime
392 2292 435 2326 et
457 2285 762 2327 affeccionibus
785 2287 885 2341 ejus
909 2295 953 2329 et
980 2288 1080 2329 ideo
1103 2288 1242 2330 multa
1263 2302 1349 2341 que
1371 2290 1444 2330 diu
1467 2290 1627 2331 durant
1648 2289 1758 2332 fiunt

226 2353 283 2393 ab
300 2353 446 2394 anima
460 2354 503 2393 in
517 2355 702 2407 propriis
717 2357 982 2410 corporibus,
997 2357 1108 2398 sicut
1126 2357 1355 2398 Avicenna
1370 2359 1499 2400 docet
1515 2365 1672 2412 quarto
1689 2359 1757 2400 De

227 2420 405 2471 Anium,
423 2428 465 2462 et
483 2430 641 2463 octavo
658 2424 725 2464 De
738 2425 1031 2475 Animalibus,
1050 2432 1093 2466 et
1107 2426 1222 2476 alibi,
1237 2433 1284 2467 ut
1299 2426 1476 2468 inferius
1493 2434 1752 2480 exponetur.

273 2567 314 2596 32
338 2559 551 2600 Avieenna]
569 2559 619 2590 De
636 2561 766 2592 Anima
785 2562 827 2592 iv.
846 2572 875 2600 2,
893 2574 912 2603 4
928 2573 935 2600 3
960 2562 1009 2592 De
1025 2562 1242 2594 Animalibus
1259 2563 1325 2594 viii.
1343 2574 1373 2595 2.

277 2695 287 2714 ι
315 2685 411 2725 vero]
430 2687 519 2715 enim
539 2686 600 2715 Fl)
741 2688 762 2716 6
780 2692 831 2727 pr.
854 2687 907 2728 es]
926 2698 986 2718 ens
1003 2687 1038 2717 D
1181 2698 1220 2719 10
1243 2688 1454 2729 terminacio]
1472 2688 1712 2720 determinacio
1728 2689 1761 2719 F

228 2745 268 2774 25
293 2735 429 2776 durant]
456 2737 595 2768 duratur
621 2738 649 2767 D
783 2739 826 2768 26
849 2738 997 2779 tantum]
1022 2744 1181 2778 quantum
1207 2739 1239 2769 F
1365 2749 1408 2778 32
1432 2739 1647 2780 corporibus]
1673 2745 1756 2771 tem·

226 2787 365 2827 poribus
382 2787 416 2818 D
