1898 3126
971 99 1050 140 192

243 200 435 240 essencia
468 213 554 240 non
587 201 814 252 differant;
859 208 901 242 et
933 202 1044 242 hanc
1080 202 1421 256 ydemptitatem
1455 204 1644 245 essencie
1675 216 1779 245 con-

245 268 405 309 siderat
438 269 791 323 methaphisicus,
825 272 897 324 qui
936 271 1194 324 profundius
1227 272 1453 313 descendit
1485 273 1541 314 ad
1575 273 1780 313 veritates

247 351 388 377 rerum
412 337 694 391 indagandas.
760 339 837 381 Set
869 340 1035 394 logicus
1066 341 1108 380 in
1137 340 1225 381 suis
1257 340 1683 383 consideracionibus
1715 346 1781 381 est

250 405 546 459 superficialis,
566 413 609 447 et
631 409 877 449 considerat
899 423 984 462 que
1005 417 1228 463 apparent,
1251 416 1294 450 et
1320 409 1420 451 ideo
1446 412 1500 452 ad
1523 411 1781 451 varietatem

105 494 146 524 54
164 484 184 515 b
204 493 233 514 2.
252 481 536 528 apparentem
568 476 680 516 inter
707 476 851 517 locum
877 475 880 531 l
905 484 948 517 et
979 478 1248 530 superficiem
1284 492 1331 518 se
1363 478 1575 528 extendit,
1603 479 1713 519 sicut
1739 477 1780 518 in
1801 496 1818 528 5

254 544 399 583 multis
421 544 517 584 aliis
540 545 653 591 facit,
677 558 777 585 narn
801 546 906 587 dicit
928 559 1058 587 omne
1076 560 1212 599 genus
1235 561 1327 588 esse
1349 547 1583 588 univocum
1606 553 1783 601 propter

249 613 471 664 quandam
495 614 708 654 unitatem
731 620 1017 667 apparentem
1042 615 1083 655 in
1106 629 1158 656 eo
1180 631 1188 666 ;
1222 622 1287 656 set
1314 615 1522 657 naturalis
1545 623 1588 657 et
1612 615 1781 658 metha-

249 681 439 734 phisicus
470 689 638 734 ponunt
668 684 1051 735 equivocacionem
1082 684 1125 724 in
1154 685 1274 724 omni
1306 698 1477 737 genere,
1505 685 1615 725 sicut
1643 684 1782 724 mani-

251 751 407 790 festum
442 756 508 790 est
549 764 606 790 ex
651 755 694 803 7⁰
738 751 1014 792 Pla'sz‘cormn
1061 758 1104 793 et
1138 757 1183 806 30
1222 752 1653 806 Methaplzz‘sz'cormn,
1684 753 1785 806 quia

252 819 382 871 igitur
413 819 662 873 superficies
694 821 736 860 in
769 827 982 874 quantum
1014 821 1267 874 hujusmodi
1301 828 1366 862 est
1398 822 1538 863 solum
1573 822 1785 863 terminus
1807 838 1843 862 10

253 888 325 937 rei,
363 894 405 928 et
443 902 528 928 non
566 896 845 942 comparatur
881 891 936 931 ad
979 889 1143 942 aliquid
1181 891 1523 942 continendum3
1565 897 1630 931 set
1667 891 1786 932 locus

252 957 355 997 dicit
387 960 766 1011 comparacionem
805 959 860 999 ad
904 959 1069 1012 aliquid
1108 960 1433 1010 continendum,
1470 960 1583 1011 ideo,
1620 959 1786 1012 logicus

253 1025 454 1067 distinxit
481 1027 592 1067 inter
612 1027 758 1069 locum
780 1035 824 1068 et
846 1028 1134 1081 superficiem.

30 1110 232 1140 ]‹‘.102a2.
312 1095 357 1135 Si
386 1096 390 1149 l
421 1097 578 1137 iterum
616 1097 840 1147 obiciatur,
877 1099 996 1151 quod
1038 1098 1303 1139 Aristoteles
1345 1099 1462 1146 dicit,
1500 1098 1542 1138 in
1579 1097 1787 1139 Predz'ca-

254 1166 422 1215 mentis,
459 1166 577 1219 quod
614 1167 669 1206 ad
714 1168 902 1207 eundem
945 1167 1179 1207 terminum
1222 1167 1482 1221 copulantur
1518 1173 1665 1220 partes
1705 1166 1787 1206 loci
1810 1181 1844 1213 ¹5
1887 1166 1898 1209 l

253 1236 308 1275 ad
349 1248 479 1287 quern
522 1235 782 1288 copulantur
823 1236 1033 1289 particule
1074 1236 1280 1290 corporis,
1323 1242 1366 1277 et
1406 1236 1598 1289 corporis
1640 1241 1789 1290 partes

253 1304 513 1358 copulantur
549 1305 605 1344 ad
642 1304 945 1357 superficiem;
987 1319 1105 1358 ergo,
1142 1311 1289 1358 partes
1330 1305 1413 1345 loci
1454 1304 1679 1354 similiter3
1722 1309 1788 1344 set

256 1378 400 1426 partes
423 1372 665 1425 superficiei
689 1387 775 1414 non
800 1374 1060 1426 copulantur
1081 1375 1137 1415 ad
1161 1372 1434 1426 superficiem
1453 1380 1519 1414 set
1536 1373 1592 1413 ad
1615 1372 1792 1424 lineam,

258 1455 372 1494 ergo,
411 1441 530 1481 locus
567 1455 653 1481 non
691 1448 756 1482 est
795 1441 1052 1495 superficies,
1116 1442 1364 1483 Dicendum
1400 1448 1479 1492 est,
1516 1442 1636 1494 quod
1674 1440 1790 1481 mala

257 1509 490 1550 translacio
523 1510 706 1562 impedit
738 1510 805 1550 hic
840 1511 1123 1562 intellectum,
1144 1511 1253 1551 sicut
1285 1512 1371 1551 fere
1403 1510 1565 1564 ubique
1597 1511 1640 1550 in
1672 1509 1790 1550 libris
1813 1525 1850 1546 20

259 1578 509 1619 Aristotelis
539 1578 728 1632 vulgatis
771 1579 887 1631 apud
921 1579 1116 1628 Latinos,
1148 1585 1191 1619 et
1235 1580 1334 1620 ideo
1376 1579 1516 1632 primo
1558 1579 1789 1619 dicendum
1891 1599 1893 1643 ἵ

259 1653 339 1696 est,
367 1648 485 1700 quod
518 1647 700 1688 Boecius
733 1649 774 1687 in
813 1647 1126 1689 Commentario
1157 1648 1341 1701 exponit
1372 1648 1469 1695 hoe,
1493 1647 1642 1689 dicens
1673 1647 1791 1700 quod

260 1715 354 1765 hoc,
387 1716 507 1767 quod
550 1716 633 1757 hoc
675 1716 832 1757 dicitur
877 1716 1041 1769 (partes
1081 1715 1164 1758 loci
1206 1717 1466 1769 copulantur
1505 1716 1562 1757 ad
1603 1716 1791 1757 eundem
1892 1729 1895 1770 Ι

260 1785 494 1824 terminum
527 1786 582 1825 ad
619 1798 748 1838 quem
782 1785 993 1839 particule
1024 1786 1241 1839 corporis),
1275 1785 1606 1838 intelligendum
1639 1791 1705 1825 est
1736 1785 1792 1825 ad
1894 1775 1895 1778 Ἴ

264 1853 463 1903 eundem,
501 1854 544 1894 id
586 1860 665 1904 est,
702 1854 971 1894 consimilem
1016 1860 1058 1895 et
1096 1854 1524 1907 correspondentem,
1562 1853 1664 1907 quia
1705 1859 1791 1893 ter·
1815 1874 1852 1904 25
1894 1853 1896 1883 Ρ

263 1922 405 1961 minus
437 1922 492 1962 ad
531 1935 663 1974 quem
700 1923 962 1976 copulantur
996 1929 1138 1977 partes
1173 1922 1255 1963 loci
1292 1921 1590 1963 conformatur
1627 1928 1670 1962 et
1704 1934 1793 1962 cor-

265 1991 499 2043 respondet
522 1992 709 2032 termino
737 1992 960 2044 copulanti
983 1993 1118 2045 partis
1141 1991 1334 2045 corporis
1360 1990 1492 2031 locati
1521 1996 1564 2031 et
1596 1990 1795 2038 locantis‚
1896 2043 1898 2047 Α

266 2072 366 2098 nam
409 2072 507 2099 cum
551 2059 741 2101 locatum
784 2061 839 2101 sit
880 2063 1097 2114 spericum
1141 2068 1184 2102 θῖ
1226 2061 1372 2101 locans
1412 2059 1621 2110 similiter,
1662 2065 1709 2100 ut
1752 2059 1794 2099 in
1896 2064 1898 2118 j

265 2128 326 2167 eis
357 2141 443 2180 que
468 2130 763 2182 propriissime
792 2130 957 2171 habent
990 2130 1145 2181 locum,
1165 2130 1275 2172 sicut
1303 2136 1404 2171 sunt
1429 2142 1611 2182 corpora
1646 2128 1795 2169 mundi
1896 2119 1898 2195 ἱ

266 2196 530 2249 principalia,
559 2198 773 2247 videlicet,
803 2199 1018 2240 elementa
1047 2200 1088 2240 in
1121 2200 1256 2253 speris
1288 2199 1387 2249 suis,
1413 2205 1516 2239 tunc
1546 2196 1795 2250 superficies
1815 2215 1854 2246 50
1896 2201 1898 2243 l

265 2263 411 2318 aliqua
449 2265 624 2317 copulat
667 2273 811 2319 partes
853 2267 1047 2320 corporis
1086 2266 1228 2317 locati,
1269 2266 1391 2319 cujus
1432 2266 1688 2306 extremitas
1729 2272 1795 2305 est
1896 2260 1898 2264 ⁴

1872 303 1875 357 ι

1872 360 1885 460 l.

1875 488 1879 604 ξ

310 2426 331 2455 9
356 2415 610 2457 Phisicorum]
631 2416 689 2448 vii.
708 2426 755 2447 12.
871 2417 1250 2458 Methaphisieorum]
1277 2417 1323 2448 iii.
1342 2427 1390 2456 17.
1559 2426 1597 2455 14
1623 2417 1795 2448 Prediea-
1887 2429 1894 2465 4

266 2467 422 2507 mentis]
438 2468 479 2498 de
497 2473 633 2507 quanto.
766 2479 807 2498 22
833 2468 1008 2510 Boeeius]
1026 2468 1065 2499 In
1081 2469 1354 2500 Praedicamenta
1370 2468 1402 2498 ii.
1421 2478 1473 2507 27,
1493 2467 1543 2498 28.

318 2620 355 2647 14
381 2609 434 2650 Si]
453 2616 507 2640 set
523 2610 556 2640 F
667 2612 705 2641 16
729 2609 910 2651 particule]
929 2614 1044 2650 partes
1060 2610 1094 2639 D
1205 2620 1246 2639 22
1265 2615 1318 2649 pr.
1338 2608 1443 2649 quod]
1461 2609 1646 2640 secundum
1663 2608 1752 2648 quod
1769 2607 1802 2637 F

268 2660 348 2700 hoc]
366 2661 431 2691 hoc
447 2660 587 2691 verbum
605 2661 668 2691 FD
755 2671 797 2700 23
820 2661 1039 2702 copulantur]
1056 2661 1206 2700 copulari
1224 2660 1288 2691 FD
1384 2661 1426 2690 26
1449 2659 1711 2700 correspondet]
1729 2669 1796 2698 quo

269 2712 452 2750 respondet
467 2712 500 2742 F
594 2723 634 2750 27
653 2712 825 2752 copulanti
841 2712 963 2752 partis]
982 2712 1129 2752 copulati
1147 2717 1262 2751 partes
1278 2711 1311 2741 F
1395 2712 1437 2741 28
1454 2710 1512 2752 sit]
1530 2710 1666 2751 proprie
1679 2710 1721 2741 sit
1735 2709 1799 2740 FD

269 2772 310 2801 29
334 2762 416 2803 que]
433 2763 487 2801 qui
504 2763 568 2792 FD
701 2773 742 2802 30
766 2764 892 2805 speris]
910 2764 1051 2804 spericis
1069 2764 1103 2793 D
