1898 3126
162 1790 260 1821 3512.

996 138 1075 179 286

276 252 524 294 differencia
565 253 781 307 specifica,
824 252 925 305 quia
967 253 1107 292 omnis
1149 253 1394 294 differencia
1441 252 1640 307 specifica
1691 252 1792 294 facit

275 322 478 375 speciem,
516 336 594 363 ηερ
627 330 692 364 est
727 322 927 362 ordinata
967 322 1023 361 ad
1064 319 1309 362 ulteriorem
1346 321 1652 371 differendam,
1689 335 1791 362 nam

275 404 405 431 omne
427 392 544 443 quod
567 392 790 432 ordinatur
810 391 865 430 ad
890 388 1136 430 ulteriorem
1161 390 1469 441 differenciam,
1486 404 1570 444 que
1591 388 1792 443 specifica

276 467 352 507 est,
376 467 441 501 est
466 460 775 508 subalternum,
798 465 845 499 ut
881 465 1003 512 patet
1035 459 1076 498 in
1110 458 1218 499 linea
1248 459 1616 512 predicamentali.
1673 459 1792 512 Ergo

277 529 529 583 relinquitur
550 531 666 582 quod
690 529 762 569 illa
784 527 1034 568 differencia
1066 527 1274 568 naturalis
1296 529 1352 570 sit
1373 529 1625 569 subalterna
1647 542 1656 578 ;
1687 533 1730 569 et
1758 527 1793 568 si
1813 545 1832 577 5

277 598 368 648 hoc,
390 604 490 639 tunc
513 605 576 639 est
600 598 842 638 communis
863 597 1027 637 homini
1051 603 1093 637 et
1116 597 1200 646 alii,
1222 610 1326 650 ergo
1348 610 1434 638 non
1462 604 1525 637 est
1549 596 1794 637 differencia

278 666 476 718 specifica
499 666 697 706 hominis.
760 666 873 706 Item
897 666 931 705 si
954 666 1033 706 hec
1054 664 1300 706 differencia
1322 665 1543 719 perficeret
1570 665 1792 706 hominem

281 737 319 774 in
355 735 497 786 specie
529 735 741 784 animalis,
778 741 881 775 tunc
916 734 950 774 si
985 747 1071 774 non
1107 734 1329 775 adveniret
1371 735 1516 775 anima
1559 734 1795 782 racionalis,

279 810 390 843 esset
411 804 522 845 sicut
544 805 708 857 species
730 804 813 844 alia
842 803 1040 844 animalis
1066 817 1151 856 que
1179 810 1295 844 caret
1324 803 1554 852 intellectu,
1576 809 1624 844 ut
1649 803 1795 844 asinus

279 871 344 912 vel
368 872 485 913 aliud
507 873 672 914 habens
693 873 831 914 solam
854 873 1047 928 animam
1073 873 1336 913 sensitivam.
1399 873 1459 913 Et
1484 873 1622 926 possit
1650 872 1795 913 vivere
1816 890 1856 913 10

279 946 320 981 et
344 942 505 982 moveri
534 948 576 982 et
605 956 736 995 opera
765 941 962 982 animalis
989 955 1191 982 exercere
1220 941 1455 983 secundum
1485 942 1794 995 proprietatem

277 1024 352 1051 sue
373 1011 542 1064 speciei,
564 1012 675 1052 sicut
697 1012 841 1052 asinus
864 1011 1103 1052 secundum
1126 1024 1262 1051 suam.
1346 1010 1425 1052 Set
1447 1011 1593 1051 asinus
1615 1011 1716 1064 quia
1734 1011 1793 1051 sic

279 1079 381 1122 facit
411 1094 497 1121 non
535 1087 599 1122 est
631 1082 672 1121 in
705 1081 905 1135 potencia
942 1081 996 1122 ad
1031 1079 1277 1121 ulteriorem
1316 1080 1499 1121 formam
1534 1078 1796 1134 specificam,

278 1163 382 1202 ergo
401 1164 478 1190 nec
494 1151 565 1191 illa
583 1151 746 1204 species
761 1149 959 1190 animalis
986 1156 1131 1204 potest
1145 1163 1238 1189 esse
1254 1150 1295 1189 in
1313 1149 1513 1202 potencia
1529 1149 1584 1189 ad
1603 1148 1794 1189 animam

278 1220 552 1269 racionalem,
583 1221 685 1274 quia
723 1233 810 1260 non
852 1219 1011 1273 poterit
1042 1219 1188 1259 anima
1220 1218 1445 1259 racionalis
1477 1217 1607 1271 recipi
1641 1217 1682 1257 in
1714 1216 1796 1257 hac
1819 1235 1855 1266 15

281 1290 422 1342 specie
454 1290 665 1338 animalis,
694 1291 803 1330 sicut
829 1302 907 1329 ηερ
937 1289 978 1328 in
1004 1289 1126 1329 asino
1152 1287 1220 1327 vel
1252 1287 1387 1328 leone.
1449 1286 1669 1340 Quoniam
1694 1299 1796 1326 vero

286 1358 449 1398 nullam
472 1359 634 1400 habent
658 1359 874 1399 racionem
898 1359 953 1398 ad
976 1357 1085 1398 hanc
1108 1357 1317 1397 insaniam
1340 1370 1423 1409 que
1446 1357 1502 1397 sit
1529 1356 1661 1409 digna
1685 1353 1796 1396 solu-

280 1428 417 1477 cione,
435 1435 477 1469 et
500 1428 638 1482 magis
659 1434 856 1468 asserunt
883 1440 1013 1480 quam
1037 1427 1323 1467 racionentur.
1376 1426 1469 1466 Nec
1485 1425 1611 1465 video
1632 1424 1794 1476 aliquid

281 1498 396 1550 quod
415 1504 560 1551 posset
576 1497 892 1538 racionabiliter
913 1495 1069 1537 adduci
1089 1509 1167 1548 pro
1190 1495 1269 1535 hac
1292 1494 1487 1543 fantasia,
1506 1494 1605 1534 ideo
1626 1499 1796 1534 transeo

279 1568 334 1607 ad
357 1566 472 1606 aliud
495 1567 612 1618 quod
635 1575 699 1607 est
723 1565 860 1618 majus
882 1565 1198 1610 inconveniens,
1217 1570 1260 1604 et
1282 1577 1398 1603 error
1420 1563 1553 1616 pejor,
1570 1569 1613 1604 et
1634 1561 1795 1603 heresis
1819 1580 1858 1601 20

280 1635 472 1688 nequior,
491 1636 624 1675 immo
643 1634 917 1688 nequissima.
969 1629 1259 1686 Temporibus
1277 1639 1423 1673 autern
1444 1631 1548 1672 meis
1563 1644 1650 1671 non
1664 1630 1795 1671 fiebat

280 1705 447 1746 mencio
477 1705 532 1745 de
562 1704 654 1744 istis
687 1703 908 1749 erroribus,
936 1703 1038 1755 quia
1063 1701 1237 1742 cuilibet
1266 1700 1344 1741 fuit
1372 1699 1648 1741 manifestum
1677 1701 1796 1752 quod

279 1773 466 1814 heretica
507 1772 690 1822 fuerunt,
741 1772 850 1812 sicut
901 1770 1128 1825 quodlibet
1180 1769 1296 1810 aliud
1340 1776 1491 1810 contra
1531 1766 1538 1823 1
1579 1768 1711 1809 fidem
1753 1775 1795 1808 et

281 1841 611 1895 philosophiam,
644 1854 722 1881 nec
753 1840 917 1894 dignati
946 1853 1094 1880 sumus
1123 1851 1293 1879 movere
1325 1838 1599 1892 questionem
1632 1837 1688 1878 de
1716 1835 1796 1876 hiis

281 1916 457 1963 propter
477 1909 666 1951 stulticie
690 1909 1048 1963 magnitudinem.
1818 1913 1854 1943 25

344 2110 620 2164 <Capitulum
642 2117 708 2165 3¹¹³.
770 2110 820 2150 dc
835 2110 999 2151 unitate
1014 2115 1057 2149 et
1063 2109 1326 2162 pluralitate
1342 2108 1484 2148 anime
1501 2106 1795 2159 intellectiva>

343 2247 402 2287 Et
423 2252 486 2287 est
508 2247 622 2287 istud
647 2246 886 2286 secundum
909 2246 962 2286 de
984 2246 1149 2285 unitate
1170 2252 1212 2285 et
1234 2243 1482 2297 pluralitate
1513 2242 1657 2283 anime
1678 2241 1799 2283 intel-

284 2314 449 2356 lective.
511 2315 684 2356 Ponunt
706 2328 808 2367 ergo
831 2315 948 2367 quod
971 2313 1118 2354 anima
1140 2313 1402 2354 intellectiva
1423 2313 1478 2353 sit
1504 2325 1590 2352 una
1616 2324 1796 2352 numero

285 2385 327 2424 in
370 2384 581 2426 omnibus.
646 2383 828 2424 Palliant
870 2396 972 2436 ergo
1014 2395 1199 2423 errorem
1232 2395 1357 2422 suum
1394 2381 1571 2434 quando
1602 2385 1798 2421 artantur

284 2453 477 2494 dicentes
499 2453 617 2505 quod
641 2466 717 2506 per
739 2451 1061 2505 philosophiam
1085 2464 1171 2491 non
1192 2457 1336 2502 potest
1358 2450 1482 2490 aliter
1503 2449 1587 2490 dici
1615 2462 1692 2489 nec
1721 2462 1798 2502 per
1818 2464 1859 2495 30

286 2522 499 2562 racionem
520 2528 663 2574 potest
689 2520 836 2561 haberi
858 2520 988 2568 aliud,
1009 2525 1075 2560 set
1100 2533 1176 2572 per
1201 2518 1338 2558 solam
1367 2517 1509 2558 fidem.
1572 2516 1650 2558 Set
1676 2530 1795 2557 men-

285 2591 453 2632 ciuntur
493 2597 702 2642 tanquam
743 2589 936 2630 vilissimi
970 2588 1155 2629 heretici.
1225 2588 1339 2628 Nam
1376 2600 1475 2627 cum
1512 2587 1713 2627 meritum
1755 2592 1798 2625 et

285 2659 543 2700 demeritum
565 2658 650 2698 sint
672 2671 802 2711 penes
826 2657 1014 2698 animam
1045 2663 1087 2696 et
1120 2669 1248 2697 omne
1275 2669 1385 2708 opus
1411 2655 1583 2696 virtutis
1616 2661 1660 2696 et
1688 2654 1797 2700 vicii,

286 2739 371 2766 non
393 2726 532 2767 solum
554 2727 789 2767 secundum
822 2725 953 2766 fidem
984 2732 1051 2765 set
1080 2725 1318 2765 secundum
1350 2724 1593 2765 doctrinam
1625 2722 1796 2763 Aristo-

286 2794 382 2834 telis
409 2795 451 2834 in
480 2795 524 2834 E
530 2794 655 2835 tllz'cz‘s
682 2802 724 2835 et
756 2795 991 2835 secundum
1021 2806 1171 2835 omnes
1198 2792 1494 2846 philosophos,
1517 2798 1620 2833 tunc
1649 2792 1684 2832 si
1711 2805 1796 2832 una
1817 2805 1857 2837 35
