1898 3126
121 1517 158 1553 ΗΞ,
177 1516 196 1544 b
218 1524 242 1544 2.

985 98 1067 141 294

267 202 566 243 cavillaciones
598 202 639 241 in
663 202 820 254 quibus
842 200 1034 242 maxime
1066 199 1247 241 confidit
1279 214 1377 253 pars
1411 201 1604 242 adversa.
1665 201 1782 242 Nam

266 271 406 324 arguit
427 271 500 311 sic.
537 270 721 310 Materia
738 276 803 311 est
820 269 862 309 in
879 269 1079 323 potencia
1092 270 1147 309 ad
1166 269 1349 309 formam
1367 283 1452 310 non
1469 272 1525 311 ad
1544 270 1783 319 materiam,

267 341 368 392 quia
391 340 571 380 materia
593 352 677 379 non
698 345 763 379 est
778 337 957 379 materie
978 344 1043 377 set
1058 337 1208 387 forme,
1230 351 1334 391 ergo
1352 338 1517 379 embrio
1531 352 1616 379 non
1640 339 1718 379 erit
1740 339 1783 378 in

267 409 469 462 potencia
497 408 577 448 nisi
608 409 662 447 ad
686 406 871 448 formam
894 414 1080 457 tantum,
1101 414 1144 448 et
1170 406 1266 447 ideo
1288 407 1434 448 anima
1462 407 1687 448 racionalis
1718 414 1783 448 est

266 475 404 515 forma
441 488 547 527 pura
580 487 665 513 non
701 473 954 525 composita.
1018 473 1076 513 Et
1111 486 1187 526 per
1218 473 1465 526 supradicta
1501 479 1623 527 patet
1663 474 1780 527 quod
1801 484 1818 515 5

267 557 450 597 magnus
488 556 602 583 error
635 548 700 582 est
720 542 836 595 apud
871 555 944 581 eos
978 542 1051 593 qui
1088 542 1148 583 sic
1184 548 1383 594 arguunt,
1418 549 1461 583 et
1494 543 1567 595 qui
1605 548 1784 596 propter

266 611 514 665 hujusmodi
556 624 741 651 errorem
788 616 830 650 et
876 609 1201 652 cavillacionem
1244 609 1413 664 fingunt
1461 610 1781 663 simplicitatem

265 681 410 721 anime
428 680 664 720 racionalis.
709 680 826 719 Nam
842 686 1064 720 ostensum
1088 685 1153 720 est
1174 681 1306 732 quod,
1323 680 1434 720 sicut
1457 693 1540 720 una
1558 679 1696 720 forma
1717 687 1782 722 est

266 749 500 790 materialis
522 756 565 789 et
588 749 628 788 in
650 748 853 801 potencia
873 750 929 788 ad
951 748 1093 797 aliam,
1114 749 1173 789 sic
1196 762 1279 789 una
1302 749 1482 790 materia
1504 756 1568 790 est
1591 747 1784 790 formalis

265 826 458 872 respectu
492 818 679 866 alterius,
711 824 754 858 et
790 818 907 871 quod
940 818 1122 858 materia
1152 819 1320 870 generis
1352 818 1615 871 incompleta
1646 824 1711 859 est
1741 819 1783 859 in
1805 836 1843 857 10

266 888 465 940 potencia
497 889 553 928 ad
586 888 813 927 materiam
847 887 1103 940 specificam,
1137 888 1248 928 sicut
1281 888 1417 928 forma
1447 888 1615 940 generis
1646 894 1710 929 est
1741 888 1782 928 in

265 957 465 1009 potencia
484 957 537 997 ad
557 956 742 997 formam
760 956 1019 1009 specificam,
1037 963 1080 997 et
1102 963 1243 997 totum
1262 970 1397 1009 genus
1415 957 1470 997 ad
1487 955 1782 998 differenciam

264 1025 510 1079 specificam
549 1026 850 1078 compositam,
885 1032 928 1066 et
964 1026 1063 1066 ideo
1098 1026 1190 1066 sine
1222 1024 1470 1066 differencia
1500 1024 1698 1080 specifica
1719 1026 1781 1066 in—

264 1096 446 1135 ducatur
478 1096 518 1134 in
552 1108 645 1135 esse
677 1107 751 1146 per
785 1101 997 1143 naturam,
1029 1094 1119 1135 sive
1152 1108 1226 1147 per
1258 1094 1534 1135 creacionem.
1597 1094 1782 1147 Oportet

264 1164 380 1216 quod
418 1164 472 1203 sit
509 1163 766 1216 composita,
797 1169 839 1203 et
870 1164 968 1203 ideo
1000 1164 1140 1204 anima
1171 1162 1396 1204 racionalis
1427 1163 1672 1215 composita
1702 1169 1780 1204 est.
1805 1177 1840 1207 15

269 1232 394 1272 Unde
416 1234 533 1284 quod
550 1232 744 1272 maxime
766 1232 955 1285 allegant
978 1246 1056 1285 pro
1078 1246 1123 1272 se
1144 1232 1366 1272 evidenter
1382 1238 1447 1272 θεῖ
1469 1238 1620 1273 contra
1637 1245 1724 1281 eos,
1747 1233 1780 1272 si

265 1315 411 1341 eorum
435 1302 597 1342 dictum
621 1308 875 1354 exponatur.

323 1370 452 1423 Quod
480 1378 624 1411 autem
655 1370 797 1423 alique
825 1370 1104 1411 auctoritates
1136 1370 1494 1423 philosophorum
1517 1370 1782 1423 exprimunt,

263 1440 379 1491 quod
411 1445 509 1480 sunt
540 1439 785 1479 substancie
811 1439 1030 1492 simplices
1062 1445 1105 1478 et
1134 1446 1332 1491 separate
1359 1453 1385 1479 a
1415 1439 1605 1488 materia,
1632 1453 1781 1480 omnes

265 1507 540 1561 intelligentie
567 1507 573 1561 Ι
601 1514 700 1548 sunt
723 1508 776 1547 de
806 1508 986 1548 materia
1012 1507 1203 1548 sensibili
1230 1514 1273 1548 et
1300 1508 1523 1561 corporali.
1584 1508 1700 1548 Nam
1728 1508 1782 1549 de
1804 1527 1841 1547 ρο

262 1578 406 1617 anima
432 1577 665 1630 vulgariter
696 1576 924 1629 loquimur,
956 1584 997 1616 et
1030 1589 1126 1616 eam
1160 1578 1386 1625 nescimus,
1415 1577 1516 1628 quia
1547 1577 1782 1630 spiritualis

266 1645 443 1685 materia
459 1645 582 1685 nobis
597 1652 661 1686 est
677 1645 858 1685 occulta.
912 1645 1044 1698 Quod
1064 1651 1209 1685 autem
1227 1644 1383 1685 dicitur
1402 1650 1442 1696 70
1458 1645 1780 1697 stletlzapln‘sz'ce,

264 1715 381 1766 quod
406 1714 587 1754 materia
608 1721 673 1754 est
702 1727 785 1766 qua
816 1727 880 1753 res
907 1720 1052 1766 potest
1079 1727 1172 1753 esse
1194 1720 1236 1753 et
1263 1726 1348 1753 non
1375 1727 1479 1763 esse,
1501 1713 1691 1766 loquitur
1721 1715 1780 1755 ibi

265 1784 317 1823 de
343 1783 519 1823 materia
547 1781 859 1835 generabilium
890 1789 932 1823 et
965 1782 1323 1834 corruptibilium,
1345 1789 1387 1823 et
1419 1783 1478 1822 sic
1508 1783 1614 1823 alias
1643 1783 1780 1824 multa

263 1851 365 1892 dicit
387 1852 441 1892 de
464 1852 644 1892 materia
666 1866 751 1904 que
779 1865 862 1891 non
886 1858 984 1892 sunt
1019 1851 1298 1903 intelligenda
1336 1851 1390 1891 de
1420 1852 1598 1892 materia
1630 1852 1781 1906 prima,
1802 1876 1838 1906 25

263 1927 327 1960 set
349 1921 401 1960 de
425 1921 603 1960 materia
628 1920 897 1960 naturalium.

324 2113 598 2166 (Capitulum
621 2119 688 2165 5¹³³.
749 2112 799 2151 de
823 2113 1066 2162 furialibus,
1089 2120 1238 2153 utrum
1260 2114 1509 2166 sintparlcs
1525 2113 1707 2168 anime.)

323 2222 538 2275 Quartum
561 2222 677 2274 quod
703 2222 771 2262 hic
800 2222 1093 2262 consideratur
1115 2221 1246 2262 habet
1284 2222 1441 2263 multos
1469 2236 1632 2263 errores
1663 2223 1779 2275 apud

263 2290 454 2343 vulgum,
476 2290 575 2330 licet
603 2290 819 2343 sapientes
847 2290 958 2330 bene
984 2290 1174 2330 senciant
1197 2291 1237 2330 in
1266 2291 1346 2332 hac
1369 2297 1518 2345 parte3
1549 2298 1592 2331 et
1613 2292 1693 2332 hec
1715 2298 1779 2332 est

265 2372 422 2411 magna
463 2358 629 2399 utilitas
670 2366 711 2398 et
753 2359 890 2398 multa
929 2359 1249 2399 consideranda
1283 2367 1396 2411 sunt,
1433 2367 1475 2400 et
1516 2359 1648 2400 fertur
1680 2373 1778 2400 con·
1800 2376 1839 2405 30

263 2427 472 2469 sideracio
495 2441 623 2479 super
639 2434 784 2480 partes
806 2427 959 2468 anime.
1004 2428 1149 2468 Primo
1169 2427 1284 2468 enim
1298 2429 1490 2481 queritur
1507 2442 1560 2468 an
1583 2429 1779 2483 potencie

264 2497 406 2535 anime
446 2496 533 2536 sint
570 2503 712 2548 partes
750 2496 841 2548 ejus
875 2503 917 2537 et
954 2497 1009 2537 de
1045 2497 1290 2537 substancia
1331 2497 1482 2546 anime,
1525 2505 1572 2538 ut
1612 2497 1778 2539 scilicet

264 2564 555 2617 vegetativum
597 2565 848 2605 sensitivum
882 2572 923 2605 et
957 2564 1284 2606 intellectivum.
1349 2565 1407 2605 Et
1440 2565 1642 2607 vacillant
1683 2566 1776 2606 sine

264 2646 391 2672 causa
414 2633 490 2672 hic.
542 2633 656 2671 Nam
675 2633 756 2672 hoc
783 2646 951 2681 nomen,
978 2634 1189 2685 potencia,
1212 2647 1296 2674 non
1319 2640 1384 2674 est
1406 2647 1561 2675 nomen
1583 2635 1734 2675 datum
1749 2648 1774 2674 a

308 2771 347 2790 22
372 2762 658 2803 methaphisice]
679 2762 732 2793 vii.
752 2764 784 2793 8.
