1898 3126
108 482 233 515 ὅτοι-

34 1093 69 1123 κ’.
93 1099 150 1129 103
169 1101 187 1121 a
209 1099 235 1122 1.

984 108 1066 138 200

316 230 561 284 Capitulum
605 234 672 283 3¹¹¹.
755 227 805 267 de
846 227 931 267 loco
971 233 1020 266 ut
1059 232 1124 267 est
1162 239 1232 267 res
1273 226 1492 267 natm-alis
1531 237 1794 266 conservans

254 302 446 341 locatum.

314 396 487 437 Deinde
515 394 751 435 dicendum
781 400 844 433 est
873 393 928 432 de
949 392 1048 432 loco
1069 405 1147 444 per
1178 391 1557 444 comparacionem
1580 391 1635 431 ad
1658 391 1791 432 virtu-

252 472 341 506 tem
369 465 373 519 1
404 463 649 505 naturalem
679 475 764 515 que
792 461 968 514 ponitur
990 461 1032 500 in
1055 474 1119 501 eo.
1197 460 1256 500 Et
1283 473 1394 501 nunc
1421 460 1618 513 queritur
1639 465 1784 501 utrum

252 534 371 574 locus
392 533 630 574 secundum
657 531 775 583 quod
802 529 944 570 dictus
972 535 1038 569 est
1060 528 1310 582 superficies
1332 529 1387 569 sit
1415 528 1537 570 locus
1559 527 1783 569 naturalis.
1811 543 1832 574 5

254 602 312 643 Et
347 601 503 654 aliquis
540 605 739 653 argueret
776 597 895 650 quod
933 610 1031 645 non,
1066 597 1169 649 quia
1204 596 1454 649 superficies
1491 597 1534 637 in
1571 602 1787 650 quantum

251 670 502 723 hujusmodi
533 675 597 709 est
630 681 696 707 res
731 665 1054 706 mathematica.
1115 665 1243 715 Item,
1271 665 1518 719 superficies
1546 678 1633 706 non
1655 664 1789 705 habet

251 741 459 780 virtutem
477 737 671 789 aliquam
689 734 972 775 conservandi
987 732 1191 783 locatum,
1210 740 1275 774 set
1293 734 1413 774 locus
1430 734 1587 775 dicitur
1604 733 1782 782 habe1·e;

252 807 374 859 cujus
407 805 668 846 contrarium
699 809 821 856 patet
853 816 929 854 per
951 802 1253 852 Aristotelem,
1275 803 1466 843 secundo
1488 802 1784 849 Plcz'sz'cormn,

254 875 326 915 ubi
351 874 454 915 dicit
476 873 594 926 quod
616 872 728 912 linea
750 878 792 911 et
814 866 1060 924 superficies
1082 877 1125 911 et
1146 871 1396 923 hujusmodi
1418 877 1529 921 sunt,
1552 870 1791 911 secundum
1816 886 1854 907 ιο
1889 892 1892 900 =

254 944 483 984 veritatem
520 941 585 981 sui
618 953 724 989 esse,
749 953 816 980 res
854 939 1085 989 naturales,
1118 946 1161 980 et
1194 952 1280 980 non
1313 939 1476 980 habent
1508 952 1602 980 esse
1633 938 1713 979 nisi
1748 932 1791 977 in

254 1011 509 1065 corporibus
532 1009 814 1058 naturalibus,
838 1014 1109 1061 quapropter
1132 1008 1252 1048 locus
1274 1015 1420 1061 potest
1444 1021 1538 1049 esse
1567 1006 1789 1055 naturalis,

255 1081 358 1121 licet
378 1081 433 1120 sit
459 1077 721 1132 superficies,
746 1083 789 1118 et
811 1078 871 1117 sic
893 1076 1074 1117 solvitur
1095 1084 1402 1130 argumentum
1432 1076 1435 1130 Ι
1464 1077 1671 1130 primum,
1690 1088 1791 1116 nam

255 1151 409 1190 eadem
433 1155 497 1189 est
521 1161 588 1188 res
610 1146 819 1188 naturalis
842 1152 884 1185 et
909 1146 1233 1194 mathematica,
1256 1152 1300 1185 et
1328 1159 1415 1186 non
1438 1146 1597 1186 dicitur
1620 1144 1789 1185 mathe-

257 1218 415 1259 matica
437 1217 517 1257 nisi
541 1222 719 1269 propter
740 1215 1151 1263 consideracionem,
1175 1227 1260 1254 non
1285 1221 1463 1267 propter
1477 1227 1581 1264 esse,
1605 1220 1654 1254 ut
1675 1213 1792 1266 prius
1815 1233 1852 1266 15
1894 1219 1898 1252 ,’

255 1287 508 1341 expositum
532 1292 607 1325 est.
672 1283 910 1336 Reliquum
933 1296 1036 1323 vero
1059 1283 1240 1323 solvitur
1263 1297 1339 1336 per
1368 1283 1462 1330 hoc,
1495 1283 1613 1334 quod
1642 1294 1790 1335 super-

257 1356 373 1397 ficies
406 1356 498 1402 hec,
531 1367 614 1406 que
656 1359 720 1392 est
754 1352 886 1401 locus,
920 1357 985 1392 est
1018 1352 1229 1392 terminus
1262 1352 1322 1391 rei
1356 1350 1580 1402 naturalis,
1611 1349 1789 1398 scilicet,

258 1424 440 1465 locantis
473 1435 558 1475 que
591 1421 722 1461 habet
752 1421 794 1460 in
823 1433 901 1460 sua
927 1420 1177 1460 substancia
1215 1419 1332 1460 illam
1366 1421 1584 1469 virtutem,
1617 1425 1660 1459 et
1695 1418 1794 1459 ideo

259 1491 507 1546 superficies
536 1491 616 1531 hec
648 1495 794 1542 potest
826 1487 967 1528 facere
1000 1488 1143 1528 locum
1177 1488 1421 1529 naturalem
1460 1494 1641 1542 propter
1672 1500 1791 1528 com-

258 1561 533 1615 paracionem
557 1558 836 1599 essencialem
859 1570 990 1610 quam
1014 1556 1147 1597 habet
1170 1558 1224 1596 ad
1249 1557 1558 1607 substanciam,
1580 1556 1704 1609 cujus
1727 1563 1792 1596 est
1815 1574 1853 1597 κο
1888 1544 1898 1573 '¹

260 1630 333 1670 illa
363 1629 512 1669 virtus.
575 1626 837 1680 Superficies
873 1625 990 1665 enim
1024 1632 1089 1665 est
1127 1626 1339 1666 terminus
1375 1624 1489 1665 illius
1528 1625 1792 1672 substancie,
1887 1614 1898 1656 ¹¹

259 1706 300 1739 et
333 1698 430 1737 idco
463 1697 597 1737 habet
629 1694 1005 1747 comparacionem
1033 1693 1320 1734 necessarium
1354 1695 1409 1734 ad
1441 1694 1649 1735 virtutem
1681 1692 1794 1733 illius

259 1766 507 1807 substancie
538 1779 563 1804 a
595 1777 682 1816 qua
711 1769 856 1816 potest
885 1763 969 1803 dici
996 1775 1083 1803 non
1116 1762 1257 1802 solum
1287 1762 1536 1815 superficies
1571 1762 1793 1811 naturalis,

259 1843 323 1876 set
356 1834 478 1875 locus
511 1831 736 1882 naturalis,
772 1832 944 1880 scilicet,
981 1832 1037 1871 ab
1075 1831 1149 1871 illa
1191 1832 1350 1871 virtute
1387 1831 1604 1880 naturali3
1637 1844 1793 1884 corpus

259 1911 406 1944 autem
451 1902 611 1951 locam,
657 1902 880 1941 mediante
932 1900 1172 1952 superficie,
1224 1901 1415 1941 continet
1469 1907 1512 1940 et
1564 1907 1792 1942 conservat
1814 1914 1853 1947 ²5

260 1972 466 2019 locatum,
491 1977 533 2011 et
555 1971 614 2010 sic
638 1969 887 2023 superficies
910 1968 957 2008 fit
979 1968 1187 2010 naturalis
1202 1970 1256 2009 ab
1279 1969 1351 2010 illa
1367 1969 1526 2009 virtute
1548 1968 1744 2010 locantis.

320 2040 397 2080 Set
412 2046 514 2079 tunc
530 2039 723 2079 secundo
747 2037 953 2089 queritur,
970 2050 1026 2077 an
1043 2037 1164 2078 locus
1187 2037 1317 2077 debet
1338 2039 1379 2076 in
1404 2037 1687 2078 Naturalibus
1709 2038 1793 2078 dici

260 2109 385 2149 aliter
415 2121 546 2160 quam
579 2105 831 2160 superficies
861 2112 1117 2158 comparata
1146 2108 1201 2146 ad
1224 2107 1431 2146 virtutem
1464 2113 1793 2147 conservantem
1884 2103 1898 2174 'l

260 2177 403 2217 locati.
468 2176 526 2216 Et
555 2176 726 2215 videtur
755 2177 872 2228 quod
896 2175 967 2224 sic,
989 2175 1092 2227 quia
1120 2175 1382 2215 Aristoteles
1405 2175 1512 2214 dicit
1534 2175 1674 2228 prima
1695 2187 1795 2215 con·
1883 2164 1898 2239 ΙΙ

261 2245 461 2285 trarietas
484 2251 548 2284 est
572 2245 613 2283 in
637 2244 747 2293 loco,
769 2250 815 2282 ut
839 2243 1103 2283 Aristoteles
1134 2242 1226 2283 vult
1250 2243 1291 2282 in
1312 2242 1666 2293 predicamentis,
1687 2250 1729 2283 et
1752 2243 1793 2282 in
1814 2261 1855 2294 30
1878 2241 1898 2277 'l

262 2314 370 2353 libro
393 2313 536 2355 Celz'et
552 2312 730 2351 lismzdz'.
774 2311 853 2352 Set
870 2318 1041 2352 constat
1059 2312 1243 2364 primam
1263 2311 1612 2351 contrarietatem
1636 2325 1729 2352 θεεθ
1752 2312 1793 2350 in

303 2459 323 2486 9
348 2446 601 2486 Phisicorum]
620 2447 653 2477 ii.
674 2447 720 2481 16,
744 2456 791 2484 19.
938 2456 980 2484 30
1002 2446 1314 2486 Predieamentis]
1340 2447 1382 2476 de
1398 2447 1587 2485 quantitate
1605 2452 1639 2477 et
1656 2451 1793 2486 quanto.
1871 2444 1885 2483 J!

310 2575 319 2593 1
349 2567 393 2603 3¹¹¹
410 2588 416 2594 .
439 2588 446 2594 .
467 2587 473 2595 .
491 2564 653 2604 locatum]
673 2563 867 2594 Secundum
886 2563 928 2593 de
946 2563 1018 2593 loca
1036 2563 1070 2592 l)
1219 2563 1260 2592 de
1277 2562 1350 2592 loco
1368 2572 1429 2602 per
1445 2563 1736 2602 comparacionem
1751 2561 1793 2591 ad

264 2615 421 2645 virtutem
441 2615 630 2646 naturalem
648 2625 712 2653 que
730 2615 760 2645 ei
779 2615 955 2653 inponitur
971 2614 1003 2643 F
1088 2615 1108 2643 8
1132 2613 1373 2653 conservandi]
1392 2613 1630 2644 considerandi
1647 2613 1691 2652 D,
1712 2623 1789 2643 corr.

263 2668 297 2695 ιἰι
317 2677 425 2705 marg.
601 2677 637 2704 17
665 2667 726 2696 hec
744 2667 826 2706 que]
844 2666 897 2695 hic
915 2666 994 2704 quid
1012 2665 1044 2694 F
1175 2665 1238 2705 rei]
1257 2675 1310 2696 res
1327 2665 1361 2694 D
1534 2675 1573 2703 19
1596 2664 1676 2704 hec]
1694 2664 1749 2694 hic
1766 2661 1799 2692 F

263 2727 370 2747 21ss22
389 2717 594 2756 Superficies
606 2741 614 2749 ,
635 2739 642 2747 .
658 2741 664 2748 .
680 2718 838 2748 virtutem
850 2727 917 2748 om.
932 2717 964 2746 F
1092 2727 1132 2755 25
1156 2716 1341 2757 mediante]
1361 2727 1403 2747 m.
1421 2715 1474 2746 illa
1492 2716 1526 2745 D
1648 2717 1689 2745 28
1713 2724 1793 2745 con-

264 2769 471 2808 servantem]
490 2770 758 2799 considerantem
776 2768 820 2806 D,
836 2779 915 2799 corr.
934 2769 967 2798 in
987 2778 1093 2807 marg.
