1898 3126
808 105 889 146 219

64 206 285 260 vquoniam
327 206 434 246 illud
476 214 590 246 esset
631 214 920 260 perpetuuni;
972 214 1014 247 et
1058 207 1167 255 ideo,
1206 211 1438 257 poneretur
1484 205 1603 244 locus

81 281 315 329 perpetuus
358 280 513 328 potens
554 281 598 315 et
639 280 767 327 aptus
810 282 939 314 natus
989 287 1144 327 capere
1196 287 1364 326 corpus.
1439 272 1517 314 Set
1560 273 1601 312 in

80 344 299 398 perpetuis
322 357 409 384 non
432 342 639 384 differunt
665 357 756 384 esse
779 350 822 384 et
846 357 984 395 posse,
1007 348 1275 396 quapropter
1306 348 1419 382 esset
1447 354 1603 394 corpus

79 419 204 453 extra
246 413 458 452 mundum
493 412 534 451 in
568 412 644 451 tali
686 425 824 452 vacuo
865 411 1140 458 collocatum,
1175 410 1292 462 quod
1332 409 1487 449 falsum
1522 416 1603 456 651,

45 502 62 532 5
80 481 189 521 sicut
210 480 270 520 ait
291 480 555 520 Aristoteles
583 480 625 519 in
659 485 702 534 3⁰
731 479 1019 520 Plcisz'corum.
1082 477 1160 519 Set
1190 479 1231 517 in
1263 483 1448 518 tractatu
1478 478 1602 517 celes-

80 550 188 590 tium
219 549 353 589 habet
384 548 475 588 fieri
508 549 680 588 uberior
713 562 855 588 sermo
893 549 945 588 de
978 561 1116 587 vacuo
1150 552 1276 587 extra
1313 545 1469 594 celum,
1502 545 1606 597 quia

78 617 342 658 Aristoteles
363 617 504 663 docet,
520 617 664 669 primo
690 616 780 658 Celz‘
797 623 840 656 et
853 616 1028 663 Mundi,
1043 628 1123 656 1166
1139 628 1295 667 corpus
1318 628 1396 655 nec
1418 627 1605 654 vacuum

79 699 170 726 esse
210 692 336 726 extra
377 684 528 725 celum.
591 684 805 738 Quamvis
846 692 994 725 autem
1037 684 1114 724 hec
1156 684 1210 724 sit
1251 683 1422 731 veritas,
1454 688 1605 723 tamen

79 756 241 794 bonum
283 759 351 794 est
391 759 434 794 et
477 753 582 794 utile
623 761 666 794 et
707 754 906 806 pulcrum
950 752 1168 793 revolvere
1209 752 1512 804 experimenta
1560 758 1602 790 et

26 843 62 864 ιο
79 823 271 864 raciones
288 822 446 874 quibus
463 828 723 875 apparenter
743 823 914 863 videtur
935 822 1037 875 poni
1059 834 1246 861 vacuum
1270 834 1363 860 esse
1385 819 1604 873 possibile,

78 891 280 943 quatinus
311 891 547 937 solvantur,
579 898 625 931 ut
659 890 787 943 plena
816 891 1030 931 certitudo
1067 889 1122 930 de
1158 884 1446 942 possibilitate
1479 888 1604 928 vacui

77 960 285 1012 capiatur.

136 1027 307 1068 Scimus
335 1028 464 1080 igitur
493 1027 612 1079 quod
644 1040 719 1067 vas
761 1028 938 1080 plenum
972 1027 1186 1067 cineribus
1217 1026 1284 1066 vel
1312 1026 1428 1066 calce
1457 1030 1606 1078 potest

79 1096 268 1149 recipere
308 1096 362 1136 de
404 1109 518 1148 aqua
554 1102 765 1148 quantum
808 1095 972 1145 cineris,
1009 1102 1052 1136 et
1094 1095 1292 1135 similiter
1325 1108 1399 1134 vas
1440 1094 1607 1134 habens

26 1167 222 1214 15lanam
257 1164 409 1216 recipit
435 1165 679 1204 incaustum
711 1172 924 1217 quantum
963 1165 1055 1204 sine
1078 1165 1189 1211 lana,
1222 1178 1356 1216 quare
1387 1164 1610 1203 videretur

80 1234 197 1287 quod
226 1233 421 1274 vacuitas
449 1240 561 1273 esset
599 1234 640 1273 in
672 1233 830 1285 quibus
861 1233 940 1273 hec
974 1234 1250 1285 recipiantur.
1315 1232 1391 1273 Set
1424 1233 1608 1273 dicimus

81 1303 197 1356 quod
228 1302 335 1342 infra
363 1308 508 1354 partes
537 1303 690 1342 cineris
721 1309 763 1343 et
796 1302 891 1343 lane
924 1302 1228 1343 intercluditur
1254 1316 1339 1352 aer,
1362 1302 1435 1354 qui
1462 1301 1610 1355 expel-

82 1372 182 1412 litur
223 1371 390 1423 liquore
427 1371 711 1419 adveniente3
744 1377 786 1411 et
821 1371 1052 1411 humidum
1090 1377 1156 1411 651
1192 1371 1305 1411 111316
1337 1370 1611 1411 terminabile

83 1440 255 1492 proprio
276 1440 477 1490 termino,
499 1441 610 1480 bene
636 1446 782 1480 autem
812 1439 980 1487 alien03
1015 1446 1195 1492 propter
1220 1440 1341 1491 quod
1375 1439 1613 1479 humiditas

26 1525 64 1546 20
83 1521 192 1560 aque
213 1508 279 1548 vel
304 1508 483 1548 incausti
516 1509 774 1548 terminatur
797 1509 838 1548 in
863 1509 1075 1548 minorem
1102 1507 1246 1548 locum
1274 1522 1350 1560 per
1376 1508 1616 1548 siccitatem

83 1577 179 1616 13116
201 1583 244 1617 61
267 1577 458 1617 cinerum
483 1583 525 1616 et
549 1576 692 1616 calcis.
756 1577 815 1617 Et
845 1578 991 1627 tercio,
1013 1577 1175 1617 siccum
1199 1584 1241 1617 et
1264 1577 1493 1616 humidum
1517 1584 1617 1616 sunt

82 1646 306 1694 contraria,
330 1651 374 1686 et
406 1652 584 1698 propter
615 1645 698 1686 hoc
730 1645 880 1686 statim
909 1652 1062 1685 mutuo
1093 1659 1138 1685 se
1167 1652 1462 1697 corrumpunt,
1486 1653 1529 1685 et
1557 1646 1616 1685 sic

85 1714 292 1753 minorem
331 1713 475 1752 locum
511 1720 742 1766 occupant.
807 1714 885 1755 Set
917 1715 950 1754 si
978 1728 1054 1754 vas
1092 1727 1168 1766 per
1205 1714 1403 1754 foramen
1440 1713 1616 1753 inferius

86 1778 305 1831 repleatur
337 1792 452 1831 aqua
484 1785 526 1819 et
557 1780 812 1820 obstruatur
840 1781 931 1832 ejus
968 1780 1196 1827 orificium,
1233 1779 1508 1820 manifestum
1549 1785 1615 1820 est

28 1865 64 1896 25
85 1848 203 1900 quod
226 1860 340 1899 aqua
362 1853 428 1887 651
450 1847 609 1899 gravis,
632 1861 736 1899 ergo
759 1848 994 1888 descendet
1024 1847 1202 1887 inferius
1233 1861 1310 1899 per
1339 1847 1546 1895 foramen,
1571 1854 1613 1887 et

86 1928 157 1955 aer
179 1929 265 1955 non
288 1922 435 1968 potest
459 1916 618 1956 intrare
641 1916 851 1968 superius,
874 1916 976 1967 quia
999 1915 1211 1956 orificium
1234 1916 1508 1956 obstructum
1533 1922 1613 1965 est,

85 1997 198 2037 ergo,
222 1984 302 2024 erit
331 1997 530 2023 vacuum.
593 1984 652 2024 Et
680 1982 684 2036 Ι
713 1984 871 2024 dicitur
896 1985 1014 2037 quod
1048 1998 1146 2031 non,
1168 1984 1270 2036 quia
1298 1997 1412 2035 aqua
1440 1991 1527 2024 stat
1558 1998 1610 2024 ne
1629 1997 1668 2037 63
1687 2008 1705 2028 a
1725 2005 1754 2028 1.

85 2051 159 2092 fiat
180 2065 376 2093 vacuum.
430 2050 509 2092 Set
528 2052 710 2104 negacio
733 2065 819 2093 non
843 2058 908 2092 est
931 2066 1061 2093 causa
1078 2052 1385 2092 affirmacionis
1404 2068 1411 2092 :
1436 2056 1513 2092 ‘ne
1536 2052 1611 2093 fiat

85 2118 299 2161 vacuum'
332 2126 398 2160 est
440 2120 635 2172 negacio.
700 2121 826 2168 Item,
874 2121 978 2172 quid
1024 2121 1126 2161 facit
1168 2134 1280 2173 aque
1321 2121 1612 2161 violenciam?

30 2203 68 2233 30
86 2188 189 2229 Non
222 2195 369 2242 potest
397 2188 622 2240 assignari.
686 2188 779 2229 Nec
806 2196 960 2230 natura
988 2202 1100 2241 aque
1132 2195 1197 2229 est
1227 2189 1318 2240 ejus
1347 2202 1490 2239 causa,
1513 2190 1613 2242 quia

87 2269 143 2297 ex
173 2263 327 2297 natura
360 2270 437 2297 sua
468 2257 636 2310 appetit
669 2257 944 2305 descendere,
979 2271 1095 2311 ergo,
1124 2257 1297 2297 videtur
1328 2257 1446 2298 nullo
1480 2258 1613 2298 modo

129 2396 148 2424 5
172 2385 423 2425 Phisieorum]
442 2385 488 2416 iii.
507 2394 559 2424 33.
872 2396 887 2423 7
915 2387 991 2416 Geli
1010 2389 1047 2416 et
1065 2384 1217 2426 Mundi]
1238 2385 1257 2415 i.
1279 2395 1333 2425 99.

132 2510 146 2530 1
171 2500 262 2541 ideo]
282 2501 327 2532 ita
343 2501 378 2531 D
535 2512 555 2540 4
580 2500 754 2541 mundum]
775 2511 816 2532 m.
837 2502 870 2531 in
889 2506 963 2532 actu
981 2501 1015 2530 D
1194 2511 1233 2532 10
1258 2500 1428 2541 raciones]
1445 2500 1614 2531 racionem

4 2575 10 2595 ,³
87 2552 120 2582 F
221 2553 370 2593 videtur]
395 2553 564 2583 videbitur
587 2553 621 2583 D
799 2562 834 2583 11
861 2553 1051 2594 solvantur]
1075 2553 1249 2583 solventur
1264 2552 1327 2582 FD
1499 2562 1537 2591 13
1560 2552 1613 2582 vel

88 2603 177 2634 calce
194 2614 260 2635 om.
279 2604 313 2634 D
380 2604 508 2645 potest]
525 2609 640 2643 potest
657 2609 784 2635 tantum
809 2604 844 2634 D
936 2613 974 2642 14
998 2604 1139 2645 cineris]
1169 2606 1241 2635 sine
1270 2603 1320 2634 eis
1347 2603 1409 2634 FD
1500 2604 1538 2633 18
1562 2603 1612 2644 et]

88 2659 119 2685 et
145 2655 266 2686 iterum
293 2655 326 2685 F
527 2666 570 2686 20
592 2656 810 2697 terminatur]
831 2656 1055 2687 terminantur
1070 2656 1104 2686 F
1308 2665 1346 2685 21
1374 2655 1477 2685 calcis
1494 2665 1562 2686 om.
1580 2655 1614 2684 D

87 2716 128 2745 23
153 2717 213 2746 per
230 2706 397 2748 foramen]
416 2707 624 2747 perforatum
643 2707 678 2737 D
796 2717 836 2747 25
861 2707 1066 2748 descendet]
1085 2707 1262 2738 descendit
1278 2706 1340 2737 FD
1459 2717 1501 2746 30
1525 2707 1612 2747 ejus]

88 2758 185 2797 hujus
200 2758 263 2788 FD

809 2827 885 2863 (32
