1898 3126
135 678 172 707 82

192 676 259 707 b1.

999 73 1080 122 284

279 188 389 228 bene
410 187 528 227 videt
557 193 599 227 et
629 186 751 226 audit
773 187 890 226 canis
920 186 1029 228 sicut
1060 186 1205 236 homo,
1228 192 1270 227 et
1302 186 1361 227 sic
1391 186 1445 226 de
1469 185 1564 226 aliis
1594 185 1797 239 operibus

279 255 481 297 sensitive
512 256 692 296 virtutis.
756 256 814 296 Et
848 255 985 296 multa
1014 254 1217 296 animalia
1249 255 1403 296 melius
1434 255 1631 296 senciunt
1662 267 1794 307 quam

279 326 427 373 homo,
444 332 491 366 ut
514 325 606 365 linx
628 325 701 378 qui
718 325 833 365 videt
852 338 927 378 per
950 324 1141 365 medium
1156 324 1378 378 parietem.
1430 323 1488 365 Et
1509 324 1642 365 homo
1663 323 1797 363 habet

279 394 484 435 olfactum
508 395 699 448 pejorem
722 394 922 434 omnibus
944 394 1215 445 animalibus,
1237 399 1285 434 ut
1306 393 1569 435 Aristoteles
1592 393 1734 445 docet,
1755 398 1798 434 et

281 462 418 504 multa
435 463 595 504 cercius
610 470 652 503 et
666 462 836 504 acucius
850 463 1047 503 audiunt.
1080 462 1202 517 Ergo
1217 461 1497 503 manifestum
1511 468 1576 503 est
1591 462 1709 515 quod
1726 461 1799 501 illa
1819 476 1835 506 5

281 533 485 573 sensitiva
520 545 603 585 que
641 546 717 585 per
753 538 952 572 naturam
991 531 1208 572 inducitur
1240 531 1397 572 sufficit
1430 532 1486 572 ad
1520 531 1799 584 operaciones

280 602 423 642 anime
454 601 656 642 sensitive
688 606 777 640 tam
812 601 853 640 in
884 600 1059 642 homine
1089 614 1221 654 quam
1259 601 1300 641 in
1333 600 1495 651 brutis;
1524 601 1558 640 si
1591 601 1705 641 enim
1740 600 1800 641 ita

281 671 391 710 bene
412 676 455 709 et
481 669 633 709 melius
655 683 785 722 quam
805 669 845 708 in
862 668 1109 710 hominibus
1132 668 1236 710 fiant
1264 683 1397 722 opera
1422 669 1637 720 sensitive,
1665 668 1670 724 l
1698 674 1797 710 tunc

280 738 351 778 illa
373 738 577 779 sensitiva
598 751 683 791 que
705 737 911 779 naturalis
937 744 1002 779 est
1024 738 1066 778 in
1089 738 1265 779 homine
1287 739 1458 779 sufficit.

339 808 511 848 Deinde
534 808 606 848 ubi
631 814 672 848 et
695 808 870 861 quando
893 807 1226 849 manifestantur
1247 822 1378 861 opera
1407 809 1529 849 istius
1553 808 1798 862 vegetative
1822 824 1860 845 10

280 885 421 917 create
444 884 486 917 et
509 877 710 918 sensitive
736 884 852 918 certe
874 890 961 918 non
983 884 1164 930 possunt
1186 878 1414 931 assignare.
1477 879 1589 919 Nam
1611 875 1694 918 alie
1715 890 1799 930 que

280 945 496 986 naturales
521 952 621 987 sunt
643 953 859 1000 occupant
888 946 1172 987 instrumenta
1195 955 1238 987 et
1261 947 1455 988 membra
1481 946 1668 987 hominis
1689 946 1799 987 sicut

282 1015 322 1054 in
355 1015 505 1065 brutis,
532 1028 636 1067 ergo
665 1015 843 1056 omnino
869 1015 1139 1069 superfluunt
1169 1022 1211 1056 et
1245 1030 1331 1056 non
1363 1023 1501 1058 erunt.
1564 1015 1735 1057 Deinde
1762 1015 1796 1056 si

280 1092 536 1138 separantur
558 1099 655 1126 cum
680 1085 954 1137 intellectiva,
976 1093 1022 1127 ut
1044 1086 1205 1136 dicunt,
1220 1093 1263 1127 et
1284 1092 1384 1127 nate
1406 1091 1505 1127 sunt
1525 1085 1686 1126 habere
1707 1098 1800 1126 esse

280 1160 526 1208 separatum
569 1155 680 1196 sicut
722 1155 991 1205 intellectiva,
1029 1161 1131 1196 tunc
1165 1156 1220 1196 de
1253 1155 1517 1209 proprietate
1551 1168 1698 1196 earum
1735 1162 1798 1196 est
1823 1171 1859 1201 15

278 1224 396 1276 quod
434 1224 517 1264 sint
555 1225 799 1265 substancie
832 1230 1032 1278 separate
1065 1225 1171 1266 sicut
1210 1224 1481 1266 intellectiva.
1544 1223 1621 1266 Set
1656 1225 1797 1265 omnis

279 1292 526 1333 substancia
544 1299 744 1346 separata
761 1308 785 1334 a
804 1294 983 1335 materia
1000 1301 1066 1335 est
1082 1301 1180 1335 actu
1197 1294 1452 1342 intellectus,
1466 1299 1513 1334 ut
1535 1293 1798 1335 Aristoteles

281 1361 372 1402 vult
414 1362 454 1401 in
498 1363 584 1402 ΧΙΟ
620 1362 942 1416 IVIellmpllzkz'ce,
975 1377 1078 1416 ergo
1120 1363 1281 1404 habent
1318 1363 1559 1404 necessario
1591 1363 1795 1404 virtutem

282 1430 598 1472 intellectivam.
661 1432 773 1472 Item
816 1438 982 1473 certum
1026 1438 1090 1473 est
1124 1433 1239 1486 quod
1281 1433 1528 1486 vegetativa
1567 1432 1710 1473 omnis
1750 1439 1793 1474 et

282 1499 484 1540 sensitiva
520 1500 660 1541 omnis
697 1507 761 1541 est
802 1501 937 1542 virtus
979 1501 1196 1554 organica,
1234 1506 1276 1541 et
1318 1514 1403 1541 non
1445 1506 1678 1555 operantur
1718 1501 1797 1541 nisi
1821 1516 1861 1537 20

283 1569 500 1609 mediante
541 1583 716 1622 organo,
751 1576 797 1610 ut
837 1569 973 1611 virtus
1008 1570 1143 1610 visiva
1181 1583 1266 1610 non
1309 1570 1428 1610 videt
1462 1570 1541 1609 nisi
1576 1570 1796 1611 mediante

282 1637 423 1688 oculo,
445 1644 486 1678 et
515 1639 649 1679 virtus
679 1638 882 1679 nutritiva
910 1639 993 1678 nisi
1021 1639 1309 1680 mediantibus
1338 1639 1543 1679 membris
1571 1639 1796 1680 nutritivis.

283 1705 360 1746 Set
382 1706 423 1746 in
438 1707 716 1760 separacione
738 1708 820 1748 ista
841 1721 927 1748 non
956 1708 1119 1748 habent
1147 1721 1319 1762 organa,
1343 1722 1446 1761 ergo
1472 1708 1684 1748 carebunt
1712 1708 1799 1749 suis

283 1776 612 1830 operacionibus
632 1776 858 1829 specificis.
920 1776 996 1818 Set
1018 1777 1135 1817 nulla
1158 1790 1224 1817 res
1246 1777 1350 1816 dum
1373 1784 1439 1817 est
1468 1783 1612 1829 potest
1642 1777 1798 1830 privari

282 1859 359 1886 sua
382 1845 638 1899 operacione
660 1845 873 1899 specifica.
938 1846 997 1886 Et
1020 1845 1175 1886 iterum
1204 1851 1328 1886 erunt
1349 1845 1492 1886 ociose
1518 1846 1590 1896 ibi,
1612 1852 1654 1887 et
1675 1847 1796 1888 intel·
1823 1859 1859 1890 25

282 1914 439 1956 lectiva
460 1914 553 1955 sola
574 1914 753 1955 habebit
781 1929 904 1956 suam
932 1914 1234 1968 operacionem
1264 1913 1547 1968 intelligendi,
1569 1921 1612 1955 et
1641 1916 1720 1956 hec
1749 1921 1792 1956 et

283 1984 532 2037 hujusmodi
573 1983 815 2038 allegantur
856 1990 1006 2025 contra
1045 1983 1156 2024 hanc
1200 1984 1462 2037 opinionem,
1504 1997 1589 2036 que
1634 1983 1796 2024 nullam

284 2060 429 2105 potest
456 2053 616 2094 habere
641 2053 874 2104 racionem,
896 2053 1102 2106 quoniam
1129 2053 1276 2094 statim
1299 2052 1562 2093 dissolvatur
1587 2059 1796 2107 tanquam

284 2123 462 2174 festuca,
475 2136 553 2162 nec
571 2122 877 2163 auctoritatem
899 2123 979 2162 nisi
999 2122 1292 2176 apocriphatn,
1312 2128 1354 2163 et
1368 2135 1452 2174 que
1469 2127 1614 2174 potest
1632 2123 1798 2175 exponi

283 2190 394 2230 sicut
417 2204 588 2232 necesse
609 2197 674 2232 est
696 2191 737 2231 in
757 2191 836 2231 hac
859 2197 993 2244 parte.
1821 2204 1860 2233 30

345 2327 366 2381 <
378 2326 619 2380 Capitulum
642 2333 709 2368 2⁰³.
769 2326 818 2367 de
839 2327 990 2367 anima
1010 2326 1260 2379 sensitiva.)

343 2419 430 2461 Sed
456 2419 599 2473 capita
631 2418 751 2472 vulgi
778 2417 1189 2473 philosophancium
1221 2417 1405 2458 Parisius
1430 2417 1471 2458 in
1501 2417 1606 2459 alios
1635 2430 1797 2458 errores

285 2488 539 2541 nephandos
581 2488 753 2535 cadunt,
789 2488 949 2540 quibus
983 2486 1216 2540 theologici
1252 2486 1564 2537 contradicunt,
1606 2487 1798 2526 maxime

285 2558 326 2597 in
350 2557 519 2598 duobus
541 2557 742 2605 articulis,
764 2564 806 2598 et
829 2557 883 2597 de
905 2557 1039 2597 tercio
1061 2556 1329 2597 contendunt
1350 2555 1601 2605 adinvicem,
1623 2555 1797 2608 quidam

284 2626 522 2675 veritatem,
555 2626 734 2678 quidam
776 2625 893 2678 quod
936 2624 1091 2666 falsum
1134 2632 1198 2666 est
1240 2624 1503 2665 estimantes.
1566 2623 1641 2665 Ab
1677 2624 1799 2665 annis
1819 2635 1858 2667 35

330 2761 368 2790 18
392 2760 680 2802 Methaphisiee]
704 2760 749 2792 xi.
768 2771 798 2791 2.
