1877 3131
822 165 900 208 157

96 275 235 327 magis
275 274 417 315 verius
459 280 634 325 tempus
674 286 771 313 cum
816 286 878 312 ea.
943 272 1002 312 Et
1044 285 1100 311 ex
1143 273 1223 312 hoc
1266 271 1451 311 sumitur
1493 270 1626 311 tercia

94 343 355 392 differencia‚
379 355 480 382 nam
513 342 633 394 quies
664 340 872 381 naturalis
904 340 1224 380 concomitatur
1254 339 1426 392 proprie
1456 345 1624 379 motum

93 425 223 464 quem
253 417 426 464 tempus
455 415 687 459 mensurat,
710 410 812 462 quia
842 417 941 449 sunt
972 422 1038 449 res
1071 408 1267 460 ejusdem
1300 407 1495 460 generis;
1528 406 1629 459 quia

95 494 161 521 res
183 479 401 520 naturales
423 484 524 518 sunt
546 484 589 518 et
620 479 742 531 quies
763 485 807 519 et
829 484 975 517 motus
1006 476 1102 516 ille:
1137 476 1213 516 sed
1235 475 1370 528 quies,
1393 489 1478 527 que
1501 481 1565 514 est
1588 475 1629 513 in

57 562 186 594 5esse
214 547 582 602 permanendum,
618 559 704 586 non
735 553 800 586 est
833 559 899 585 res
925 544 1144 594 naturalis,
1179 551 1221 584 et
1252 545 1350 584 ideo
1383 557 1468 583 non
1497 543 1629 582 habet

96 617 287 670 aliquam
331 615 714 669 comparacionem
750 615 805 654 ad
845 621 1014 654 motum
1050 613 1254 665 aliquem.
1328 611 1372 652 Si
1410 619 1458 652 tu
1500 611 1628 661 dicas,

95 687 213 740 quod
235 690 378 726 stante
400 684 507 734 celo,
530 690 574 724 et
597 683 645 724 fit
668 683 777 723 alius
811 689 968 732 motus,
992 683 1072 724 erit
1105 687 1305 736 tempus3
1340 687 1382 721 et
1414 689 1518 721 tunc
1550 681 1628 721 hec

93 755 216 808 quies
245 760 310 795 est
341 754 382 793 in
405 767 457 794 eo
479 753 597 806 quod
620 758 772 792 natum
800 759 866 793 est
896 751 1071 801 moveri,
1096 757 1138 791 et
1162 751 1259 791 ideo
1293 750 1467 803 proprie
1490 750 1570 790 erit
1589 750 1630 789 in

94 831 305 877 tempore,
323 829 388 863 set
407 822 588 863 excluso
607 828 729 862 motu
745 836 770 861 a
787 821 893 871 celo,
910 821 1001 874 ejus
1019 834 1111 860 esse
1129 826 1195 861 est
1212 832 1490 873 permanens;
1513 832 1630 872 ergo,

37 906 74 927 10
97 893 189 945 ejus
230 892 354 944 quies
397 891 551 943 recipit
587 904 679 931 esse
713 890 829 940 tale;
874 903 990 942 ergo,
1024 903 1116 929 esse
1155 888 1452 941 permanentis
1485 894 1629 940 potest

97 961 192 1011 dici,
215 960 397 1014 proprie,
422 973 516 999 esse
539 960 808 1012 intempore.
874 958 932 998 Et
954 958 1021 998 hic
1045 964 1188 1010 potest
1213 957 1310 1005 dici,
1334 957 1454 1009 quod
1487 955 1627 1008 dupli-

96 1030 202 1070 citer
221 1034 366 1083 potest
384 1027 566 1080 intelligi
583 1029 706 1081 quies
724 1028 767 1067 in
785 1026 890 1076 celo,
915 1027 950 1067 si
973 1027 1113 1079 ipsum
1133 1031 1241 1072 stet3
1263 1038 1348 1065 una
1363 1030 1428 1064 est
1446 1024 1628 1077 negacio

95 1112 203 1151 pura
233 1104 389 1147 motus,
413 1111 498 1150 que
521 1097 725 1137 fundatur
748 1097 789 1136 in
808 1110 902 1137 esse
924 1095 1017 1147 ejus
1043 1095 1049 1146 2
1078 1101 1372 1148 permanente,
1398 1100 1440 1134 et
1462 1094 1541 1134 hec
1564 1101 1627 1134 est
1648 1103 1690 1133 44
1708 1103 1725 1122 ss
1746 1102 1773 1123 ²·

96 1167 138 1206 in
161 1181 223 1216 eo,
247 1167 352 1206 dum
377 1172 574 1206 movetur
605 1166 713 1206 sicut
745 1166 923 1217 quando
946 1178 1031 1205 non
1065 1170 1274 1212 movetur,
1305 1176 1406 1202 nam
1430 1162 1512 1202 hoc
1535 1176 1629 1203 esse

38 1248 74 1279 ³5
96 1241 160 1275 est
183 1234 320 1275 simile
343 1247 435 1274 esse
462 1233 868 1288 intelligenciarum,
893 1234 995 1286 quia
1027 1238 1299 1273 mensuratur
1321 1245 1400 1271 evo
1421 1248 1427 1270 :
1464 1238 1506 1271 et
1529 1231 1628 1272 ideo

93 1304 173 1344 hec
195 1303 315 1355 quies
337 1316 423 1342 non
441 1302 628 1342 debetur
648 1301 752 1351 celo,
770 1303 811 1342 in
829 1308 1041 1355 quantum
1059 1308 1123 1342 est
1139 1300 1313 1350 mobile,
1337 1313 1414 1341 nec
1437 1299 1478 1338 in
1493 1313 1627 1352 quan-

95 1378 190 1412 tum
219 1377 284 1412 est
306 1370 551 1423 subjectum
585 1377 739 1419 motus,
775 1377 817 1411 et
850 1371 948 1410 ideo
981 1383 1066 1410 non
1099 1370 1231 1409 habet
1264 1369 1386 1420 quies
1418 1368 1500 1408 ista
1535 1382 1628 1408 esse

99 1439 274 1493 proprie
301 1440 343 1478 in
365 1445 574 1491 tempore,
597 1445 662 1479 set
685 1438 814 1478 simul
836 1452 934 1478 cum
961 1444 1171 1490 tempore,
1199 1436 1266 1476 vel
1292 1436 1430 1489 magis
1452 1443 1627 1489 tempus

95 1522 192 1548 cum
225 1522 287 1549 ea.
351 1506 428 1548 Set
459 1507 494 1547 si
526 1506 757 1559 loquamur
788 1507 843 1547 de
875 1506 1031 1559 quiete,
1055 1519 1139 1559 que
1172 1514 1237 1546 est
1266 1505 1455 1558 privacio
1482 1512 1627 1545 motus

34 1590 76 1611 20
94 1576 173 1617 celi
195 1577 289 1630 ipso
311 1582 467 1626 stante,
488 1581 531 1615 et
557 1576 738 1616 refertur
760 1575 814 1615 ad
839 1575 980 1628 ipsum
1005 1575 1048 1615 in
1071 1582 1282 1627 quantum
1307 1580 1372 1614 est
1391 1573 1562 1624 mobile,
1586 1580 1627 1613 et

96 1647 138 1686 in
161 1650 372 1698 quantum
402 1644 609 1685 terminat
636 1652 803 1685 motum
838 1657 976 1694 suum,
1001 1649 1148 1697 potest
1177 1643 1261 1683 dici
1296 1643 1427 1694 quod,
1458 1642 1492 1682 si
1515 1649 1629 1683 esset

96 1714 304 1754 terminus
331 1713 424 1766 ejus
457 1712 677 1762 naturalis,
702 1719 804 1754 tunc
837 1712 992 1753 saltem
1026 1717 1278 1764 sequeretur
1300 1712 1353 1751 de
1378 1711 1458 1751 hac
1481 1711 1628 1763 quiete

93 1783 209 1835 quod
237 1780 241 1836 1
270 1787 386 1822 esset
415 1781 458 1821 in
493 1788 694 1834 tempore
726 1781 768 1820 in
794 1794 883 1833 quo
915 1780 1024 1821 alius
1057 1786 1200 1821 motus
1229 1779 1360 1820 fieret.
1425 1779 1504 1820 Set
1526 1780 1626 1832 quia
1647 1783 1738 1823 F.9S
1757 1795 1775 1814 a
1795 1793 1822 1816 1.

94 1851 331 1892 secundum
354 1849 522 1903 aliquos
554 1863 639 1890 non
662 1858 727 1891 est
760 1851 981 1900 naturalis,
1004 1850 1101 1890 ideo
1124 1855 1269 1902 potest
1290 1848 1376 1888 dici
1408 1849 1526 1900 quod
1549 1848 1627 1888 erit

5 1937 6 1941 ¹
32 1932 73 1962 25
94 1920 233 1973 magis
264 1919 446 1972 negacio
479 1925 623 1959 motus
651 1932 784 1971 quam
812 1919 1014 1972 privacio,
1038 1923 1081 1958 et
1110 1918 1208 1958 ideo
1238 1930 1324 1957 non
1354 1917 1486 1957 habet
1509 1930 1627 1957 com-

94 1989 370 2040 paracionem
407 1987 462 2028 ad
505 2000 599 2028 esse
641 1993 785 2028 motus
836 1987 1024 2039 positivi,
1067 1987 1176 2026 sicut
1219 1999 1297 2027 nec
1339 1986 1520 2038 negacio
1571 1985 1626 2025 ad

92 2057 432 2097 affirmacionem
455 2056 589 2097 habet
615 2055 1002 2109 comparacionern,
1025 2055 1126 2107 quia
1155 2068 1239 2094 non
1263 2060 1327 2094 est
1349 2053 1627 2106 comparacio

93 2139 201 2178 pure
242 2124 388 2165 nichili
429 2125 486 2164 ad
528 2124 700 2177 aliquid.
780 2124 839 2163 Et
880 2123 1121 2164 secundum
1163 2123 1258 2169 hoc,
1302 2122 1424 2174 quies
1465 2121 1626 2174 triplex

93 2194 329 2246 reperitur:
377 2206 474 2242 una,
503 2205 588 2245 que
614 2197 679 2232 est
709 2192 932 2245 inpropria
968 2192 1102 2243 quies,
1137 2197 1180 2231 et
1213 2197 1277 2232 est
1310 2191 1489 2245 negacio
1522 2205 1628 2244 pura

31 2274 75 2305 30
94 2268 250 2313 motus,
272 2267 337 2302 set
357 2261 563 2301 fundatur
583 2273 712 2312 super
734 2274 826 2301 esse
849 2260 1007 2309 nobile,
1031 2267 1077 2300 ut
1100 2273 1230 2312 super
1252 2273 1345 2300 esse
1367 2272 1628 2312 permanens

94 2336 288 2371 eternum
310 2330 379 2371 vel
400 2330 657 2377 eviternum,
680 2335 722 2369 et
745 2328 849 2369 illud
872 2329 992 2369 nullo
1014 2330 1144 2370 modo
1166 2335 1230 2369 est
1253 2329 1295 2369 in
1317 2336 1527 2382 tempore,
1549 2342 1627 2370 nec

95 2400 268 2452 proprie
289 2412 388 2440 cum
420 2406 633 2452 tempore,
656 2404 722 2439 set
746 2399 884 2451 magis
908 2404 1082 2450 tempus
1104 2410 1202 2438 cum
1224 2411 1289 2446 ea,
1310 2404 1376 2437 set
1397 2396 1470 2436 illa
1491 2397 1626 2437 habet

95 2481 188 2508 esse
209 2469 326 2520 prius
347 2474 547 2520 tempore
577 2474 619 2507 et
648 2467 899 2508 absolutum
922 2473 965 2507 et
987 2466 1323 2518 incorruptibile,
1347 2473 1390 2506 et
1416 2466 1515 2506 ideo
1538 2478 1624 2505 non

91 2536 225 2577 habet
256 2536 635 2589 comparacionem
666 2536 721 2576 ad
755 2549 847 2576 esse
869 2535 1078 2588 temporis
1109 2540 1151 2575 et
1174 2540 1319 2574 motus
1346 2533 1626 2588 corruptibile

138 2673 158 2701 6
182 2676 217 2702 tu
235 2670 344 2711 dicas]
364 2671 493 2702 dicatur
509 2671 544 2701 D
604 2672 606 2674 ’
704 2682 719 2710 7
746 2671 800 2711 fit]
819 2671 861 2701 sit
877 2671 912 2701 D
1077 2682 1097 2711 9
1121 2680 1325 2710 permanens
1343 2695 1349 2701 .
1368 2693 1376 2701 .
1396 2695 1403 2702 .
1422 2680 1497 2701 esse
1514 2680 1579 2701 om.
1600 2669 1633 2700 F

97 2732 136 2762 13
160 2721 395 2763 permanente]
412 2721 519 2752 stabili
536 2726 759 2761 permanente
775 2721 840 2752 FD
972 2733 1014 2753 20
1037 2722 1164 2763 ipsum]
1182 2722 1290 2761 ipsam
1305 2721 1339 2751 F
1463 2731 1504 2760 24
1528 2719 1624 2760 ideo]

97 2784 165 2804 non
181 2774 216 2803 D
381 2774 423 2804 26
446 2773 600 2815 positivi]
618 2774 725 2813 poniti
741 2773 806 2804 FD
968 2783 1013 2811 30
1036 2773 1164 2814 nobile]
1183 2773 1306 2804 mobile
1321 2773 1354 2803 F
1507 2783 1545 2811 31
1572 2773 1627 2802 vel

91 2826 283 2856 ·eviternum
300 2836 366 2857 om.
384 2824 419 2855 D
551 2836 593 2864 32
617 2826 670 2856 alt.
693 2825 762 2866 set]
779 2826 856 2864 quia
873 2825 907 2856 F
1033 2836 1076 2864 33
1099 2824 1302 2866 absolutum]
1319 2825 1474 2856 absolute
1493 2824 1528 2855 D
