1898 3126
813 127 893 168 245

87 230 230 278 trario,
253 235 296 269 et
325 229 466 269 minus
497 230 615 281 quod
643 228 775 269 habet
802 229 952 282 magis,
982 235 1029 269 ut
1062 228 1217 268 dicitur
1248 232 1292 279 50
1314 226 1588 268 th'sz'cm‘um
1611 243 1618 276 ;

88 304 130 339 et
162 298 204 338 in
242 296 501 337 substanciis
539 309 624 337 non
660 302 725 337 est
762 296 1060 347 contrarietas,
1097 301 1145 336 ut
1181 295 1285 336 dicit
1321 295 1615 345 Aristoteles;

88 371 211 420 patet
242 365 361 418 quod
386 378 472 406 non
500 371 566 405 est
596 365 652 405 ibi
685 366 969 406 contrarietas
1000 365 1237 406 formarum
1266 363 1333 404 vel
1363 371 1615 404 naturarum

87 435 199 475 circa
239 435 353 474 idem
391 432 637 485 subjectum
681 434 966 475 constitutum
1014 433 1058 472 in
1099 439 1198 473 actu
1239 431 1441 485 specifico
1483 438 1529 472 ut
1572 433 1614 471 in

52 523 69 554 5
89 502 310 556 qualitate,
333 502 442 542 sicut
473 500 561 542 albi
593 501 661 542 vel
693 502 801 556 nigri
827 504 938 543 circa
971 500 1208 542 Socratem.
1273 500 1356 541 Est
1384 507 1532 540 tamen
1560 500 1616 539 ibi

89 571 372 612 contrarietas
419 569 657 611 formarum
705 576 748 611 et
796 577 1049 611 naturarum
1103 568 1461 610 substancialium
1507 568 1618 608 circa

89 639 348 692 subjectum,
371 638 490 691 quod
520 645 587 680 est
618 652 693 679 ens
723 639 765 679 in
799 639 998 693 potencia
1027 646 1071 680 et
1097 651 1182 678 non
1207 638 1249 677 in
1274 643 1385 688 actu,
1409 637 1527 689 quod
1554 642 1620 676 est

91 721 156 749 res
184 708 364 760 alicujus
392 708 572 761 generis,
594 707 661 748 vel
691 707 901 748 individui
930 707 1023 760 ejus
1054 706 1173 760 quod
1203 711 1269 746 est
1291 706 1474 746 materia
1496 711 1619 745 natu-

89 776 200 816 ralis.
262 776 406 817 Prima
428 777 560 829 igitur
581 782 713 830 negat
734 775 996 816 Aristoteles
1017 789 1043 816 a
1064 775 1314 815 substancia
1346 774 1388 813 in
1411 773 1620 814 Predz'ca-

35 863 73 885 ιο
92 844 254 896 mentis,
293 851 358 885 set
399 858 485 885 non
522 844 663 893 aliam,
700 844 907 897 quoniam
946 844 987 883 in
1027 842 1111 884 fine
1151 842 1218 883 De
1257 842 1541 883 Generacz‘one
1577 847 1621 882 et

91 913 232 967 primo
273 913 548 954 Plcz‘sz'comtm
590 913 693 954 dicit
741 912 1034 954 substanciam
1077 925 1171 952 esse
1216 911 1479 952 contrariam
1521 911 1621 951 sub-

91 982 267 1031 stancie‚
311 989 354 1023 et
395 983 436 1022 in
479 995 638 1035 genere
678 981 925 1023 substancie
966 994 1058 1022 esse
1098 994 1227 1021 unam
1270 979 1620 1021 contrarietatem

89 1064 289 1104 primam.

155 1222 398 1276 Capitulum
437 1228 505 1273 31¹¹.
572 1221 622 1261 de
653 1222 902 1262 successione
929 1218 1224 1274 generaciom's
1245 1220 1395 1270 forme
1425 1217 1620 1258 substan-

39 1310 74 1342 15
93 1291 227 1333 cialls.

154 1388 232 1429 Set
266 1388 300 1428 si
335 1387 395 1428 ita
431 1387 498 1437 sit,
533 1392 636 1427 tunc
673 1385 917 1438 specialiter
950 1385 1144 1437 sequitur
1181 1383 1404 1423 dubitacio
1439 1382 1494 1422 de
1529 1382 1623 1435 ipso
1694 1424 1699 1425 ⁷

96 1457 219 1497 exitu
262 1455 442 1496 materie
482 1455 538 1495 de
570 1455 770 1507 potencia
812 1454 866 1494 ad
900 1459 1046 1494 actum
1079 1451 1151 1504 qui
1190 1457 1255 1491 est
1293 1451 1521 1502 generacio
1549 1448 1552 1502 l
1582 1456 1623 1490 et
1647 1465 1680 1497 71
1700 1467 1718 1487 a
1739 1465 1767 1487 ι,

97 1524 371 1566 concluditur
402 1537 458 1563 ex
502 1523 630 1563 dictis
661 1523 780 1575 quod
814 1522 908 1575 ipsa
942 1520 988 1562 fit
1020 1520 1271 1570 successive,
1303 1526 1347 1559 et
1389 1519 1444 1559 sit
1482 1523 1626 1557 motus

98 1607 183 1633 non
208 1593 407 1633 mutacio.
471 1590 518 1632 Si
546 1591 659 1631 enim
682 1591 752 1631 hic
774 1591 920 1631 exitus
954 1595 1099 1629 currat
1132 1601 1263 1640 super
1294 1587 1456 1640 gradus
1489 1587 1625 1626 inten-

39 1685 78 1708 20
97 1661 230 1702 cionis
257 1666 407 1701 nature
432 1660 744 1707 substancialis‚
767 1672 950 1711 quorum
980 1656 1163 1710 quilibet
1192 1657 1249 1696 ad
1277 1655 1411 1696 alium
1438 1654 1625 1701 additur,

97 1735 270 1783 oportet
297 1729 417 1781 quod
443 1728 499 1769 sit
530 1727 738 1768 successio
771 1727 812 1766 in
842 1726 922 1766 hoc
948 1726 1087 1775 exitu,
1113 1732 1155 1764 et
1184 1731 1372 1776 tempus.
1436 1723 1494 1762 Et
1527 1723 1625 1762 ideo

100 1796 364 1837 Aristoteles
407 1796 513 1837 dicit
558 1796 628 1835 16¹³
668 1795 735 1835 De
775 1793 1056 1834 Animalibus
1102 1792 1220 1844 quod
1269 1791 1386 1844 prius
1428 1797 1625 1843 tempore

98 1872 164 1907 est
199 1865 361 1905 animal
404 1865 446 1904 in
489 1863 713 1904 embrione
753 1876 886 1915 quam
924 1875 1071 1914 equus,
1107 1867 1150 1901 et
1189 1861 1230 1899 in
1269 1859 1314 1896 60
1349 1858 1625 1899 Plzz'sz'cornm

98 1935 256 1987 probat
301 1934 356 1973 de
396 1933 681 1985 generacione
720 1938 762 1971 et
799 1931 1079 1983 corrupcione
1119 1929 1228 1969 sicut
1269 1929 1324 1968 de
1365 1928 1625 1968 alteracione

42 2022 78 2054 25
98 2009 142 2044 et
174 2003 253 2042 loci
286 2002 532 2042 mutacione
563 2008 605 2041 et
637 2006 874 2053 augmento
906 2006 949 2039 et
985 1997 1287 2045 diminucione,
1319 1997 1438 2049 quod
1473 1996 1527 2035 acl
1564 1995 1625 2035 di-

97 2071 309 2112 visionem
332 2069 541 2123 temporis
571 2070 612 2109 in
635 2067 850 2108 infinitum
872 2067 1028 2107 accidit
1050 2066 1205 2107 divisio
1227 2064 1522 2118 generacionis
1551 2062 1555 2117 Ι
1584 2069 1625 2103 et
1646 2074 1688 2104 D.
1706 2072 1748 2114 64
1766 2074 1795 2104 b.

99 2139 392 2192 corrupcionis
428 2144 471 2178 et
507 2151 530 2177 e
562 2137 789 2178 contrario.
852 2136 910 2176 Et
945 2135 986 2174 in
1020 2135 1177 2175 eodem
1213 2134 1257 2172 60
1288 2132 1447 2186 probat
1476 2132 1480 2186 Ι
1508 2132 1625 2184 quod
1646 2137 1683 2167 F.
1707 2136 1850 2167 110b1,

99 2207 217 2248 nulla
252 2208 388 2248 virtus
429 2206 552 2246 finita
587 2205 679 2259 agit
716 2206 757 2244 in
800 2204 993 2254 instanti,
1031 2203 1132 2255 quia
1168 2208 1270 2242 tunc
1313 2200 1452 2253 major
1492 2202 1628 2241 virtus

100 2281 246 2330 potest
286 2289 416 2328 agere
453 2275 494 2314 in
529 2273 697 2322 minori,
737 2279 779 2313 et
816 2273 898 2313 hoc
940 2276 1060 2325 patet
1097 2284 1153 2310 ex
1193 2270 1235 2308 8⁰
1272 2269 1547 2309 Phil-scoram
1586 2269 1627 2307 in

146 2445 159 2465 1
186 2432 440 2473 Phisieorum]
459 2443 488 2462 ν.
509 2442 556 2462 xo.
714 2440 748 2460 11
776 2428 1027 2468 Phisicorum]
1046 2437 1104 2458 See
1122 2428 1141 2457 i.
1161 2437 1201 2466 52
1219 2427 1285 2456 and
1303 2436 1354 2464 50.
1507 2435 1547 2454 22
1572 2427 1627 2454 De

100 2484 357 2525 Animalibus]
376 2484 413 2515 de
432 2484 507 2516 Gen.
526 2484 556 2514 ii.
574 2493 604 2522 3.
738 2492 779 2521 29
803 2479 1058 2519 Phisieorum]
1076 2479 1144 2510 viii.
1160 2478 1214 2518 69,
1234 2478 1285 2508 86.

145 2636 163 2663 4
188 2624 281 2664 actu]
314 2634 390 2654 esse
422 2623 462 2652 M
644 2631 662 2660 5
689 2621 764 2659 Sor,
801 2619 912 2650 Sortis
941 2624 1003 2659 pro
1035 2617 1206 2653 Socrates,
1238 2616 1289 2646 lzz‘c
1317 2618 1346 2646 et
1377 2614 1493 2654 ubique
1525 2613 1626 2645 MSS.

104 2686 145 2706 10
169 2675 254 2716 non]
272 2685 339 2706 non
356 2674 463 2705 solum
482 2675 515 2704 D
626 2683 663 2710 14
688 2671 879 2711 Capitulum
899 2694 906 2700 .
927 2692 934 2699 .
954 2694 961 2700 .
981 2668 1215 2700 substancialis
1230 2677 1296 2698 om.
1317 2666 1349 2696 F
1450 2675 1489 2704 19
1512 2664 1629 2704 super]

100 2737 202 2767 supra
219 2727 251 2756 F
411 2735 453 2756 20
477 2724 634 2765 quilibet]
651 2723 797 2762 quelibet
814 2722 848 2752 D
1006 2731 1045 2750 22
1075 2719 1143 2760 160]
1163 2721 1219 2749 260
1235 2718 1270 2748 D
1434 2728 1475 2757 29
1500 2718 1628 2757 potest]

99 2783 216 2818 posset
233 2778 300 2808 DF
