1898 3126
816 110 896 152 205

93 210 241 252 debita
263 210 487 259 distancia,
510 217 574 250 set
598 211 760 250 mobile
783 225 868 252 non
892 213 1044 265 recipit
1067 227 1091 253 a
1114 213 1225 255 loco.
1290 215 1416 265 Item,
1440 218 1619 258 materia

91 278 259 332 appetit
290 278 474 318 formam
507 279 550 318 in
582 277 665 319 fine
696 279 853 320 sorcius
894 294 1026 333 quam
1069 282 1111 320 in
1144 282 1367 335 principio,
1399 290 1442 324 et
1474 291 1619 326 tamen

93 346 227 386 forma
251 359 337 387 non
361 353 507 387 movet
530 360 625 387 earn
649 348 758 388 sicut
785 347 989 399 efficiens,
1013 362 1116 401 ergo
1135 350 1332 391 similiter
1360 359 1504 403 potest
1527 366 1618 393 esse

91 415 171 455 hic.
235 414 294 454 Et
322 414 551 454 dicendum
577 416 696 466 quod
723 415 803 456 hec
830 416 966 457 virtus
999 416 1081 458 loci
1115 426 1261 458 movet
1290 432 1314 458 a
1336 419 1476 471 longe,
1501 426 1542 460 et
1564 421 1618 460 de

55 504 71 534 5
90 496 238 536 prope,
253 482 365 523 sicut
388 481 486 522 finis
508 490 680 523 amatus
702 490 745 524 et
768 485 1051 534 desideratus,
1075 492 1141 526 set
1163 499 1188 525 a
1210 486 1340 538 longe
1363 500 1448 527 non
1471 496 1619 529 movet

89 551 198 592 sicut
225 550 425 598 efficiens,
447 556 512 590 set
542 551 585 590 in
608 552 759 592 debita
790 553 1014 602 distancia,
1039 560 1217 606 propter
1240 555 1352 595 enim
1376 557 1616 597 naturalem

90 618 452 667 convenienciam,
470 632 603 670 quam
627 619 759 660 habet
782 634 915 673 grave
937 623 993 662 ad
1016 635 1141 662 suum
1166 622 1319 671 locum,
1344 630 1542 664 movetur
1563 625 1617 663 ad

90 687 230 739 ipsum
278 686 322 726 in
353 688 471 727 omni
514 688 756 737 distancia3
795 690 911 729 unde
952 704 1009 730 ex
1052 697 1207 731 natura
1248 704 1325 731 sua
1366 693 1536 744 appetit
1577 698 1619 731 et

90 761 295 805 movetur,
329 755 372 795 in
404 769 662 809 quacunque
694 757 906 798 distancia
938 764 1136 811 ponatur,
1169 766 1234 800 set
1266 773 1363 799 cum
1398 760 1439 799 in
1471 759 1621 800 debita

35 842 72 863 10
90 823 299 864 distancia
331 824 509 874 venerit,
543 824 695 878 recipit
722 825 927 866 virtutem
952 826 1044 876 loci,
1069 840 1145 879 per
1176 841 1308 879 quam
1333 828 1543 868 alteratur
1576 828 1618 867 in

89 891 313 933 forciorem
339 898 522 933 motum.
586 893 664 934 Set
686 893 843 934 ferrum
868 908 954 934 non
977 895 1111 935 habet
1133 897 1377 948 appetitum
1400 896 1533 936 talem
1561 896 1617 935 de

89 974 144 1010 se,
177 967 242 1001 set
273 960 415 1001 Solum
449 962 740 1014 aptitudinem
774 962 829 1002 ad
863 961 984 1003 illurn
1018 964 1277 1016 appetitum,
1301 977 1388 1004 non
1420 964 1533 1004 enim
1561 977 1617 1003 ex

87 1042 164 1069 sua
193 1029 197 1083 Ι
224 1036 378 1070 natura
412 1031 615 1070 convenit
662 1031 704 1069 in
742 1036 913 1071 tantum
949 1045 1047 1072 cum
1092 1038 1304 1084 magnete,
1349 1037 1395 1071 ut
1437 1038 1616 1084 appetat

88 1099 241 1151 ipsum,
277 1111 355 1138 nec
392 1104 439 1138 ut
474 1105 712 1148 moveatur,
751 1106 816 1140 set
854 1100 896 1139 in
937 1106 1109 1140 tantum
1147 1101 1358 1147 convenit,
1390 1107 1436 1140 ut
1465 1106 1616 1151 aptum

33 1181 68 1212 15
89 1173 237 1207 natum
261 1167 314 1207 sit
337 1167 527 1219 recipere
549 1167 643 1220 ejus
658 1167 877 1216 virtutem,
902 1175 945 1208 et
967 1174 1070 1208 tunc
1092 1175 1299 1221 appetere
1320 1175 1362 1208 et
1385 1168 1560 1208 moveri.

144 1235 204 1276 Et
226 1236 285 1275 sic
318 1241 474 1288 patent
496 1236 687 1289 primum
710 1242 751 1276 et
783 1237 1021 1277 secundum
1045 1243 1089 1277 et
1110 1237 1304 1277 tercium.
1366 1236 1617 1277 Secundum

87 1310 205 1356 patet
238 1303 280 1343 in
312 1304 407 1353 hoc,
429 1305 549 1357 quod
583 1304 849 1345 assimilatur
882 1312 1027 1346 motus
1059 1304 1157 1345 ferri
1190 1312 1232 1345 et
1265 1311 1411 1345 motus
1435 1304 1617 1353 mobilis,

87 1373 186 1424 quia
217 1377 399 1425 uterque
431 1372 479 1413 fit
508 1386 584 1425 per
610 1373 856 1426 appetitum
890 1373 1201 1423 convenientis,
1226 1381 1268 1415 et
1291 1372 1446 1413 sorcius
1470 1373 1510 1411 in
1534 1371 1619 1412 fine

87 1454 217 1493 quam
249 1442 291 1480 in
313 1441 537 1494 principio,
561 1447 629 1482 set
652 1448 796 1482 motus
818 1442 915 1482 ferri
939 1455 1026 1482 non
1050 1441 1098 1482 fit
1122 1442 1262 1482 solum
1278 1455 1354 1493 per
1375 1442 1617 1493 appetitum

31 1522 69 1543 20
87 1508 277 1562 alicujus,
299 1515 365 1550 δεῖ
398 1509 550 1562 recipit
577 1510 783 1551 virtutem
818 1524 894 1563 per
925 1524 1057 1563 quam
1090 1510 1311 1558 alteratur,
1344 1516 1391 1550 ut
1423 1515 1616 1562 appetat.

87 1577 164 1619 Set
181 1579 403 1632 appetitus
419 1579 714 1620 convenientis
737 1585 884 1620 movet
905 1579 1170 1619 elementum
1192 1579 1234 1618 in
1255 1578 1373 1618 omni
1394 1578 1617 1626 distancia,

87 1646 199 1686 unde
230 1647 366 1687 virtus
389 1646 471 1688 loci
494 1659 580 1687 non
602 1653 680 1696 est,
702 1648 783 1688 nisi
807 1661 998 1696 movens,
1022 1649 1133 1688 sicut
1155 1646 1262 1696 finis,
1286 1653 1333 1686 ut
1354 1647 1518 1686 dictum
1542 1652 1618 1685 est.

88 1713 303 1767 Quartum
327 1715 442 1755 enim
476 1716 674 1768 procedit
696 1717 887 1768 omnino,
916 1717 995 1756 nisi
1019 1716 1133 1756 enim
1156 1715 1319 1768 aliquid
1344 1722 1619 1755 renovaretur

88 1785 130 1823 in
165 1784 382 1824 elemento
424 1797 523 1824 cum
555 1784 894 1838 apropinquaret
926 1785 981 1824 ad
1013 1784 1169 1832 locum,
1213 1796 1299 1823 non
1341 1789 1619 1822 renovaretur

30 1867 66 1897 25
90 1849 245 1892 forcior
275 1852 510 1905 appetitus.
574 1852 789 1893 Raciones
811 1852 1006 1893 similiter
1028 1852 1069 1891 in
1099 1852 1350 1904 oppositum
1375 1851 1458 1890 due
1479 1851 1617 1902 prime

87 1926 234 1971 patent
266 1932 342 1972 per
369 1920 460 1973 jam
492 1920 622 1970 dicta,
644 1934 745 1961 nam
768 1922 906 1975 prima
932 1920 1072 1961 solum
1096 1919 1319 1959 concludit
1341 1919 1457 1970 quod
1480 1919 1616 1958 virtus

88 1988 168 2028 loci
190 2001 275 2028 non
298 1995 365 2029 est
394 1989 535 2042 prima
567 1995 611 2030 et
642 1990 735 2030 sola
766 2003 896 2031 causa
922 1995 1079 2038 motus,
1101 1993 1165 2028 est
1195 1995 1343 2028 tamen
1373 1987 1465 2027 sola
1487 2001 1618 2027 causa

88 2056 352 2097 fortitudinis
384 2063 529 2098 motus
561 2058 602 2097 in
634 2058 782 2098 debita
813 2058 1039 2099 distancia.
1103 2054 1366 2103 Secundum,
1407 2057 1462 2096 de
1495 2062 1616 2095 motu

87 2124 184 2165 ferri
225 2131 348 2178 patet
390 2126 616 2177 quomodo
658 2132 723 2166 est
765 2126 1013 2166 differencia
1055 2131 1098 2165 et
1139 2123 1459 2171 convenienda,
1501 2124 1617 2163 unde

30 2207 69 2238 30
93 2191 380 2234 Comentator
411 2206 498 2234 non
522 2194 616 2235 vult
639 2195 718 2234 nisi
744 2196 861 2247 quod
893 2194 1071 2233 omnino
1099 2206 1186 2233 non
1207 2199 1273 2233 est
1295 2193 1405 2232 sicut
1428 2192 1483 2232 de
1505 2191 1617 2230 ferro

91 2267 285 2314 respectu
334 2262 561 2314 magnetis,
603 2262 809 2315 precipue
850 2268 1064 2313 quantum
1106 2261 1161 2300 ad
1203 2273 1380 2300 causam
1430 2259 1615 2311 primam

90 2335 247 2378 motus,
269 2330 345 2369 sed
368 2336 581 2382 quantum
604 2331 659 2370 ad
683 2329 985 2370 fortitudinem
1009 2335 1166 2379 motus,
1187 2328 1513 2368 concedendum
1538 2334 1617 2367 est.

90 2395 290 2437 Tercium
329 2403 477 2438 tamen
515 2397 681 2450 indiget
717 2398 891 2450 propria
922 2397 1153 2445 solucione,
1184 2409 1284 2436 nam
1319 2395 1496 2435 materia
1529 2407 1615 2434 non

88 2471 311 2517 appeteret
333 2465 504 2514 sorcius,
529 2478 607 2506 nec
640 2464 828 2506 velocior
859 2465 979 2506 fieret
1000 2465 1228 2517 generacio
1249 2464 1290 2503 in
1312 2463 1397 2503 fine
1419 2475 1549 2514 quam
1573 2463 1614 2501 in

134 2612 153 2632 2
179 2602 229 2643 et]
247 2608 298 2634 set
315 2603 379 2634 FD
513 2614 550 2633 12
576 2602 688 2643 illum]
706 2604 795 2634 illam
813 2602 877 2632 FD
1021 2611 1058 2640 13
1081 2602 1114 2632 in
1132 2606 1260 2631 tantum
1277 2600 1369 2641 cum]
1386 2605 1515 2630 tantum
1532 2600 1566 2629 in
1583 2599 1618 2629 D

95 2662 132 2692 ¹4
157 2654 334 2696 convenit]
351 2665 381 2686 e.
400 2665 476 2686 cum
493 2660 650 2694 magnete
667 2655 702 2685 D
820 2664 856 2693 17
880 2653 913 2684 in
931 2654 994 2684 hoc
1011 2652 1117 2693 quod]
1135 2653 1224 2692 quod
1241 2653 1305 2683 hoc
1322 2651 1357 2681 D
1478 2652 1515 2681 18
1538 2661 1618 2681 con-

92 2704 277 2746 venientis]
295 2706 502 2737 conveniens
518 2706 554 2736 D
695 2716 734 2744 24
760 2704 1040 2745 apropinquaret]
1057 2704 1307 2744 appropinquat
1324 2703 1358 2732 D
1500 2713 1540 2742 27
1566 2708 1618 2733 est

92 2759 203 2786 tamen
221 2757 307 2798 sola]
326 2762 377 2788 set
393 2762 505 2788 tamen
524 2757 558 2787 D
689 2759 730 2788 28
755 2756 965 2797 Secundum]
984 2756 1144 2786 Secundo
1161 2755 1195 2785 D

1638 1044 1759 1083 58b1.
