1898 3126
120 1276 245 1307 60b2.

48 1688 84 1719 1⁸.
105 1696 165 1726 ¹04
183 1688 204 1717 b
225 1696 249 1717 1.

988 137 1068 166 212

264 240 493 290 contraria,
517 239 681 280 bonum
704 245 747 279 et
772 238 935 278 malum
966 244 1066 278 sunt
1100 236 1327 283 contraria,
1351 243 1394 276 et
1424 234 1710 288 prodigalitas
1732 240 1797 274 est

268 309 393 356 mala,
416 322 519 362 ergo
541 308 727 348 avaricia
761 313 826 346 est
856 307 983 347 bona.
1048 306 1150 347 Non
1171 306 1365 358 sequitur
1384 318 1392 353 ;
1424 303 1526 357 quia
1547 302 1732 343 avaricia
1755 309 1798 344 et

267 376 552 430 prodigalitas
584 377 715 417 ambe
747 375 1024 416 continentur
1051 375 1132 414 sub
1164 373 1296 414 malo.
1356 373 1434 414 Set
1465 385 1598 426 grave
1628 377 1672 411 et
1703 371 1798 412 leve

267 447 347 486 sub
379 444 509 498 pleno
541 446 827 485 continentur.
891 443 967 483 Ad
998 443 1128 491 aliud,
1151 442 1320 482 dicatur
1349 442 1469 493 quod
1496 453 1682 481 vacuum
1711 451 1798 479 non

267 515 448 555 attrahit
479 515 719 554 secundum
751 512 994 560 veritatem,
1027 511 1128 563 quia
1157 523 1343 551 vacuum
1377 508 1509 550 nichil
1542 515 1620 556 est,
1653 513 1718 548 set
1751 514 1799 548 ut

268 582 530 623 excludatur
551 588 594 622 et
617 581 882 633 impediatur
904 593 1101 628 vacuum,
1124 579 1214 619 sive
1243 585 1290 618 ut
1320 578 1513 618 salvetur
1541 577 1718 630 plenum
1750 575 1799 615 fit

267 651 475 691 attraccio
498 663 573 703 per
600 649 739 689 multa
762 648 948 701 ingenia.
1012 648 1071 687 Et
1098 646 1204 687 illud
1235 647 1291 687 de
1320 645 1564 686 subtilitate
1592 658 1677 685 non
1700 657 1801 686 con-

267 719 415 767 cludit,
439 718 647 771 quoniam
671 717 789 757 aliud
811 722 876 757 est
900 721 1056 756 natura
1077 714 1269 755 levitatis
1299 721 1341 755 et
1369 713 1489 755 aliud
1518 713 1802 761 subtilitatis;

268 787 474 839 quoniam
498 786 579 826 hec
601 785 818 825 subtilitas
842 790 905 824 est
929 784 1096 833 raritas,
1119 797 1204 836 que
1226 789 1371 836 potest
1395 796 1487 823 esse
1510 782 1553 822 in
1574 781 1669 822 celo
1691 782 1802 822 sicut

268 857 310 895 in
345 856 441 895 levi.
506 855 565 894 Et
597 854 697 894 licet
731 858 972 906 posuerunt
1004 865 1190 892 vacuum
1229 866 1322 893 esse
1354 865 1532 892 causam
1563 851 1802 902 utriusque,

267 923 443 970 scilicet,
482 921 674 963 raritatis
711 929 754 962 et
788 919 993 971 levit'atis,
1029 927 1178 961 tamen
1216 927 1372 962 neutra
1409 926 1612 961 causatur
1647 920 1703 959 ab
1736 931 1799 958 eo.

268 994 387 1033 Leve
415 991 531 1031 enim
562 1003 650 1031 non
681 995 882 1031 causatur
903 989 960 1030 ab
987 1003 1039 1030 eo
1062 996 1239 1043 propter
1267 1003 1418 1030 causas
1440 989 1593 1038 dictas,
1615 1000 1800 1040 quarum

267 1060 410 1112 alique
442 1059 639 1099 similiter
671 1065 772 1099 sunt
798 1071 1054 1099 communes
1082 1059 1137 1098 ad
1168 1059 1406 1110 raritatem,
1437 1058 1555 1098 unde
1585 1055 1802 1097 subtilitas

267 1128 389 1169 vacui
413 1135 456 1169 et
479 1127 585 1168 levis
607 1134 671 1168 est
695 1127 916 1180 equivoca‚
939 1133 982 1167 et
1005 1127 1047 1167 in
1071 1126 1193 1167 nullo
1216 1127 1491 1175 conveniunt,
1506 1126 1609 1178 quia
1631 1137 1716 1165 una
1737 1129 1802 1164 est

268 1195 486 1246 naturalis,
516 1195 600 1237 alia
633 1204 697 1237 est
729 1209 815 1236 non
849 1195 1068 1236 naturalis.
1131 1195 1353 1244 Similiter,
1378 1195 1510 1248 juxta
1541 1194 1625 1234 hoc
1656 1198 1803 1247 potest

269 1279 417 1306 eorum
441 1264 607 1317 posicio
630 1265 685 1305 de
714 1263 717 1315 Ξ
747 1277 844 1305 raro
867 1271 909 1304 et
934 1264 1072 1304 denso
1096 1264 1254 1305 cassari
1279 1264 1320 1304 in
1345 1262 1584 1313 universali,
1602 1261 1712 1303 sicut
1734 1261 1803 1301 hic

269 1334 473 1386 exigitur.

329 1403 571 1442 Posuerunt
603 1415 707 1454 ergo
735 1414 921 1441 vacuum
944 1415 1038 1442 esse
1068 1415 1243 1442 causam
1267 1401 1362 1451 rari,
1380 1408 1423 1441 et
1446 1400 1625 1453 plenum
1648 1398 1773 1439 densi
1793 1412 1801 1448 3

270 1478 335 1511 set
359 1483 500 1511 rarum
528 1477 593 1511 est
623 1483 689 1510 res
721 1469 945 1518 naturalis,
970 1483 1087 1523 ergo,
1109 1469 1244 1510 habet
1274 1482 1450 1511 causam
1483 1467 1726 1508 naturalem
1758 1471 1802 1506 et

269 1552 354 1579 non
387 1552 602 1588 vacuum;
636 1545 712 1579 aut
747 1552 893 1579 rarum
932 1545 998 1579 est
1030 1552 1136 1592 pure
1167 1551 1366 1588 vacuum,
1398 1544 1442 1578 et
1472 1543 1574 1578 tunc
1605 1535 1721 1589 pleni
1759 1540 1802 1575 et

274 1608 355 1648 rari
393 1607 512 1647 nulla
550 1613 665 1648 esset
699 1607 944 1661 proporcio.
1022 1606 1101 1647 Set
1135 1607 1169 1647 si
1213 1613 1359 1647 motus
1403 1606 1445 1645 in
1483 1605 1615 1659 pleno
1656 1609 1721 1644 est
1760 1603 1802 1643 in

271 1684 479 1728 tempore,
518 1681 664 1716 motus
707 1676 749 1715 in
793 1689 902 1725 raro,
945 1676 1060 1716 unde
1103 1688 1258 1724 rarum,
1288 1673 1291 1729 Ι
1320 1674 1687 1715 dimensionatum
1726 1679 1802 1718 est,

270 1751 449 1797 propter
471 1757 523 1784 ea
546 1757 631 1796 que
655 1744 852 1797 superius
878 1744 995 1784 dicta
1022 1751 1136 1793 sunt,
1159 1743 1237 1783 erit
1266 1744 1307 1783 in
1335 1756 1421 1784 non
1443 1749 1655 1795 tempore,
1678 1747 1721 1781 et
1743 1740 1804 1780 ita

271 1813 314 1851 in
338 1825 464 1865 spera
487 1813 599 1865 ignis
626 1819 669 1853 et
692 1813 801 1852 aeris
822 1819 935 1853 esset
967 1818 1111 1853 motus
1140 1812 1183 1852 in
1213 1811 1403 1859 instanti,
1426 1816 1639 1864 quantum
1663 1815 1728 1849 est
1750 1809 1805 1848 de

269 1886 425 1920 natura
447 1880 529 1920 rari
552 1881 593 1920 in
618 1881 691 1930 eis,
713 1881 832 1933 quod
856 1887 921 1921 est
952 1880 1233 1933 impossibile,
1255 1887 1297 1920 et
1325 1885 1476 1920 contra
1502 1892 1692 1920 sensum.
1757 1876 1803 1917 Si

271 1962 414 1988 rarum
438 1962 524 1989 non
548 1955 613 1989 est
635 1963 741 2002 pure
762 1962 963 1997 vacuum,
985 1955 1050 1989 set
1079 1949 1244 1989 habens
1273 1948 1437 2001 aliquid
1461 1948 1515 1988 de
1537 1946 1678 2000 pleno,
1701 1951 1803 1986 tunc

270 2029 356 2056 non
390 2022 538 2070 potest
569 2030 675 2066 esse,
709 2017 789 2057 nisi
821 2017 959 2057 tribus
998 2018 1168 2058 modis:
1205 2024 1281 2058 aut
1312 2016 1428 2057 enim
1461 2016 1628 2056 dicetur
1661 2028 1804 2055 rarum

269 2085 371 2136 quia
404 2084 535 2125 habet
569 2086 756 2126 multum
790 2086 844 2126 de
873 2099 1022 2136 vacuo,
1055 2092 1098 2127 et
1131 2087 1314 2126 densum
1346 2085 1447 2138 quia
1482 2083 1617 2124 habet
1650 2096 1802 2137 parum

272 2153 328 2192 de
360 2166 527 2202 vacuo;
560 2159 636 2193 aut
669 2166 813 2193 rarum
846 2154 948 2206 quia
977 2167 1131 2206 parum
1161 2154 1214 2194 de
1246 2152 1389 2206 plen0‚
1412 2158 1455 2192 et
1485 2152 1670 2192 densum
1703 2150 1804 2203 quia

274 2219 461 2260 multum
493 2222 548 2261 de
580 2221 742 2273 pleno;
776 2227 851 2262 aut
881 2221 982 2273 quia
1013 2221 1110 2274 plus
1141 2229 1206 2262 est
1237 2222 1278 2261 in
1310 2234 1406 2262 raro
1436 2221 1490 2260 de
1512 2233 1648 2260 vacuo
1672 2232 1804 2272 quarn

274 2288 329 2328 de
350 2287 494 2341 plenO,
517 2296 559 2329 et
581 2290 623 2329 in
647 2291 784 2330 denso
807 2304 830 2330 e
852 2303 1072 2331 converso.

333 2355 411 2396 Set
433 2358 574 2410 primo
598 2360 745 2409 modo,
767 2359 800 2398 si
824 2359 993 2399 dicatur
1018 2372 1177 2408 rarum,
1199 2359 1301 2411 quia
1323 2358 1455 2399 habet
1478 2356 1639 2397 multas
1661 2363 1806 2410 partes

274 2425 414 2475 vacui,
435 2432 538 2466 tunc
559 2427 593 2466 si
616 2427 854 2479 accipiatur
883 2427 1058 2467 modica
1087 2440 1187 2480 pars
1209 2427 1304 2473 rari,
1326 2432 1373 2466 ut
1395 2425 1519 2479 ignis,
1540 2432 1584 2466 et
1609 2425 1805 2466 maxima

275 2507 373 2546 pars
395 2494 530 2543 densi,
554 2502 600 2535 ut
633 2501 757 2544 terre,
780 2497 820 2535 in
851 2493 924 2536 illo
954 2497 1088 2536 denso
1117 2496 1196 2536 erit
1225 2495 1323 2548 plus
1351 2495 1407 2536 de
1434 2508 1572 2535 vacuo
1601 2507 1734 2546 quam
1763 2493 1804 2532 in

319 2643 339 2671 3
364 2632 441 2673 Set]
460 2632 516 2663 Sic
534 2634 587 2664 hic
604 2634 668 2664 FD
830 2646 849 2673 4
875 2635 1006 2665 dicatur
1021 2646 1086 2665 om.
1107 2634 1141 2664 D
1296 2644 1312 2672 7
1336 2634 1419 2665 illud
1436 2635 1478 2665 de
1496 2632 1698 2673 subtilitate]
1714 2632 1805 2663 aliud

275 2683 470 2714 subtilitatis
486 2684 521 2714 D
645 2686 665 2714 8
688 2685 864 2725 quoniam]
882 2686 972 2724 quod
989 2686 1024 2715 D
1156 2696 1198 2716 20
1222 2685 1290 2725 est]
1308 2690 1341 2715 et
1357 2685 1400 2715 M
1518 2695 1558 2715 21
1584 2683 1693 2725 esset]
1711 2688 1763 2714 est
1780 2682 1812 2712 F

275 2745 316 2765 22
341 2736 468 2777 rarum]
486 2747 596 2768 rarum
616 2743 665 2769 est
683 2748 762 2778 non,
781 2739 870 2769 unde
889 2739 962 2769 MF
1124 2750 1168 2778 32
1193 2739 1270 2779 Set]
1290 2738 1327 2769 Si
1343 2738 1379 2768 D
1546 2747 1587 2777 33
1612 2737 1678 2767 rari
1695 2747 1758 2768 om.
1774 2735 1808 2766 D

276 2796 318 2824 34
343 2790 433 2818 terre
450 2798 515 2818 om.
534 2789 567 2818 F
687 2794 738 2828 pr.
760 2789 811 2829 in]
830 2791 871 2820 de
888 2790 922 2820 D
1054 2789 1108 2821 alt.
1131 2791 1162 2820 in
1180 2801 1243 2820 om.
1262 2789 1296 2820 D

1818 528 1834 558 5

1822 868 1858 891 ῙΟ

1823 1210 1857 1241 15

1823 1552 1859 1574 20

1826 1893 1860 1924 25

1825 2235 1861 2266 30

1875 2489 1889 2542 l

1880 2549 1889 2606 ἑ

1880 2565 1898 3126 q
