1877 3131
823 71 902 123 189

100 182 212 222 enim
243 194 309 221 res
335 187 402 222 est
431 187 558 221 extra
585 194 710 221 suum
734 182 877 222 locum
910 183 1164 231 naturalem,
1187 185 1443 226 debilitatur
1465 192 1508 227 et
1537 200 1625 227 cor-

99 249 323 303 rumpitur.
385 248 530 290 Locus
556 255 602 289 ut
624 263 701 290 vas
723 256 788 290 est
811 249 891 298 ille,
922 251 995 303 qui
1026 264 1111 291 non
1138 258 1318 306 propter
1348 254 1533 295 salutem
1567 255 1626 295 rei

3 338 8 356 7
97 319 237 359 locate
266 318 533 358 necessarius
555 323 631 367 est,
654 331 732 358 nec
754 318 895 370 ipsam
927 320 1179 372 corrumpit,
1206 322 1446 362 secundum
1475 322 1625 375 vulga-

95 392 186 427 tam
224 387 526 438 accepcionem
569 388 695 435 vasis,
737 386 977 439 cujusmodi
1020 394 1083 428 est
1130 389 1297 429 dolium
1339 389 1406 430 vel
1448 398 1543 430 uter
1584 399 1626 431 et

0 483 5 493 .»
60 455 360 508 5hujusmodi,
393 455 467 507 qui
499 454 631 495 nichil
660 468 737 495 sua
769 456 930 496 virtute
964 456 1103 497 influit
1139 458 1193 497 ad
1227 458 1413 499 salutem
1453 459 1511 498 rei
1550 472 1627 500 nec

96 530 226 577 auget
258 523 351 576 ejus
382 524 579 572 formam,
612 537 711 564 curn
749 530 896 565 tamen
929 539 996 565 res
1028 525 1082 565 sit
1121 527 1323 578 corporis,
1356 533 1421 567 set
1453 541 1530 579 per
1561 541 1627 568 ac-

93 591 239 633 cidens
267 592 462 633 defendit
487 597 531 632 et
556 600 782 633 conservat
809 599 852 633 et
877 607 953 646 per
977 607 1023 634 se
1048 595 1286 647 corrumpit
1309 602 1487 649 propter
1509 609 1625 636 com-

95 660 312 713 plexionis
339 661 706 709 contrarietatem,
729 663 844 703 unde
866 663 921 702 ad
954 662 1097 704 locum
1125 663 1366 704 violentum
1393 665 1624 705 reducitur.

97 728 378 783 Compositus
413 730 532 770 locus
565 744 620 770 ex
658 730 877 783 aliquibus
915 731 1111 781 istorum,
1138 732 1311 782 scilicet,
1344 746 1400 772 ex
1438 733 1623 773 naturali

39 813 76 834 10
95 804 136 837 et
166 797 372 848 violento,
405 805 470 839 est
501 799 622 839 locus
655 800 852 839 omnium
880 799 1133 848 mixtorum,
1165 801 1268 852 quia
1300 794 1544 854 ubicunque
1577 801 1623 841 fit

94 866 283 907 mixtum
311 867 416 907 illud
441 874 506 908 est
529 882 585 908 ex
603 867 830 908 elementis
851 868 1089 917 contrariis,
1104 881 1199 927 ‘que
1222 876 1324 910 nata
1342 876 1441 909 sunt
1464 870 1625 910 habere

94 935 187 976 loca
215 936 440 985 naturalia,
466 943 509 977 et
540 936 648 986 ideo,
673 937 863 977 mixtum
893 950 1064 989 semper
1093 943 1157 978 est
1190 938 1232 977 in
1266 937 1361 978 loco
1394 938 1624 979 innaturali

92 1010 270 1057 propter
286 1005 368 1046 tria
385 1005 614 1055 elementa,
628 1012 670 1045 et
692 1006 834 1046 solum
858 1006 1003 1047 locum
1021 1005 1153 1046 habet
1168 1006 1421 1056 naturalem,
1445 1013 1625 1060 propter

9 1117 10 1125 ἵ
92 1085 224 1113 unum
248 1072 432 1123 illorum,
454 1087 551 1115 cum
575 1087 661 1114 non
689 1074 827 1127 possit
854 1088 947 1114 esse
972 1075 1100 1115 simul
1125 1081 1168 1115 et
1191 1076 1325 1115 semel
1350 1075 1392 1115 in
1422 1075 1623 1115 omnibus

8 1128 10 1187 f
37 1160 71 1191 ¹5
91 1142 235 1195 speris,
262 1148 327 1182 set
358 1148 531 1182 tantum
559 1148 623 1183 est
649 1143 692 1182 in
725 1156 809 1183 una
835 1156 963 1195 spera
994 1145 1119 1184 unius
1143 1143 1358 1185 elementi.
1422 1144 1480 1184 Et
1503 1144 1621 1183 simi-

7 1215 9 1219 ’
91 1209 197 1262 liter,
215 1212 485 1263 compositus
506 1210 627 1252 locus
649 1226 705 1252 ex
724 1212 907 1252 naturali
931 1218 974 1252 et
990 1212 1181 1253 violento
1204 1219 1247 1253 et
1263 1226 1365 1253 vase
1381 1213 1620 1253 secundum

5 1221 8 1354 f
91 1278 313 1331 vulgatam
342 1281 455 1320 vasis
484 1281 788 1332 accepcionem
818 1287 883 1321 est
909 1280 1029 1322 locus
1056 1280 1238 1333 alicujus
1272 1281 1398 1321 mixti
1429 1281 1621 1321 contenti

91 1347 132 1386 in
155 1361 256 1388 vase
283 1348 475 1401 vulgato,
501 1356 548 1390 ut
581 1349 623 1389 in
653 1349 770 1390 dolio
797 1349 865 1389 vel
888 1349 929 1389 in
958 1355 1053 1389 utre
1074 1349 1143 1389 vel
1173 1350 1259 1390 alio
1289 1349 1553 1402 hujusmodi,
1578 1355 1622 1389 et

3 1388 6 1476 J
91 1417 360 1468 compositus
396 1431 453 1458 ex
488 1431 592 1459 vase
634 1424 678 1459 et
714 1418 920 1467 violento,
960 1424 1007 1458 ut
1049 1424 1114 1458 est
1155 1419 1333 1470 quando
1375 1418 1621 1459 continetur

2 1501 4 1534 l

3 1479 4 1483 ¹
33 1502 72 1523 20
91 1497 246 1538 corpus
278 1485 542 1527 elementum
572 1493 620 1527 ut
641 1486 709 1527 vel
738 1493 851 1527 terra
873 1485 939 1527 vel
971 1500 1044 1527 aer
1073 1487 1115 1526 in
1145 1493 1240 1528 utre
1266 1486 1332 1526 vel
1362 1486 1447 1527 alio
1470 1486 1619 1539 hujus-

94 1554 211 1594 modi
234 1555 431 1607 quamvis
456 1556 497 1595 in
522 1568 650 1608 spera
672 1569 751 1597 sua
773 1561 1004 1606 teneretur,
1025 1568 1027 1609 ;
1055 1561 1102 1596 ut
1123 1569 1237 1608 aqua
1263 1555 1329 1596 vel
1353 1569 1451 1596 aere
1475 1556 1619 1608 posito
1640 1570 1679 1600 54
1697 1573 1714 1591 a
1736 1571 1761 1593 1.

90 1622 131 1661 in
153 1635 279 1676 spera
303 1636 442 1676 aque;
475 1630 625 1665 contra
653 1624 770 1663 enim
803 1630 1005 1664 naturam
1032 1637 1145 1676 aque
1177 1630 1242 1664 est
1271 1624 1406 1664 dividi
1435 1624 1491 1664 ab
1520 1623 1620 1671 alia,

89 1695 131 1730 et
165 1704 252 1731 non
290 1697 354 1732 est
391 1705 476 1732 una
513 1705 612 1745 pars
645 1698 747 1733 nata
784 1691 945 1732 habere
978 1692 1123 1732 locum
1159 1692 1199 1731 in
1235 1697 1331 1732 toto
1365 1692 1445 1731 nisi
1480 1691 1619 1733 tocius

87 1758 228 1799 locum
251 1761 427 1812 quando
449 1767 594 1813 partes
616 1760 658 1801 in
681 1766 777 1801 toto
799 1767 840 1801 et
858 1765 1000 1800 totum
1024 1761 1065 1800 in
1090 1759 1199 1801 loco.

30 1919 66 1948 25
149 1901 392 1956 Capitulum
450 1910 515 1945 2¹1¹.
611 1906 662 1945 de
719 1905 904 1946 essencia
958 1903 1038 1944 loci
1099 1903 1329 1944 secundam
1389 1903 1503 1956 quod
1555 1911 1619 1944 cst

84 1972 318 2022 quantitas.

147 2073 358 2115 Predictis
390 2087 562 2115 annexa
601 2082 702 2116 sunt
735 2076 930 2115 maxime
964 2075 1084 2115 locus
1121 2080 1164 2114 et
1200 2086 1399 2114 vacuum.
1465 2072 1617 2114 Motus

89 2143 203 2182 enim
236 2143 402 2196 primus
435 2150 478 2184 et
509 2143 757 2196 principalis
789 2143 1033 2184 communis
1064 2142 1146 2183 toti
1180 2142 1346 2182 mundo
1378 2148 1443 2183 est
1472 2148 1616 2182 motus

88 2212 324 2252 secundum
362 2211 520 2261 locum,
558 2219 600 2252 et
637 2213 737 2253 ideo
773 2213 828 2253 de
864 2211 962 2253 loco
997 2211 1232 2252 dicendum
1270 2217 1336 2251 est
1369 2212 1424 2251 ad
1462 2211 1616 2251 intelli-

28 2298 68 2328 30
88 2280 284 2332 genciam
308 2287 454 2321 motus
472 2297 481 2330 3
512 2287 555 2321 et
576 2294 762 2322 vacuum
784 2281 941 2322 dicitur
957 2293 1050 2321 esse
1072 2279 1191 2321 locus
1213 2280 1405 2333 privatus
1422 2292 1616 2332 corpore,

88 2355 265 2401 propter
290 2351 407 2401 quod
430 2362 528 2389 cum
553 2349 649 2390 loco
671 2349 1033 2391 considerandum
1058 2354 1124 2389 est
1145 2348 1200 2388 de
1221 2361 1371 2388 vacuo.

146 2416 295 2457 Primo
325 2417 457 2469 igitur
486 2419 756 2471 querendum
783 2423 860 2467 est,
888 2417 993 2469 quid
1020 2417 1074 2457 sit
1106 2417 1238 2465 locus,
1266 2422 1309 2457 et
1341 2415 1535 2456 maxime
1560 2428 1615 2455 an

128 2549 147 2576 4
172 2538 312 2580 dolium]
329 2539 450 2570 solium
466 2540 500 2569 F
583 2541 604 2570 6
629 2540 795 2580 corporis]
809 2538 1057 2579 corporalisF:
1081 2538 1280 2578 coruptibile
1294 2538 1328 2567 D
1420 2549 1435 2576 7
1461 2538 1615 2578 propter]

90 2590 249 2629 paulatim
267 2596 412 2630 propter
427 2590 492 2621 FD
598 2602 638 2622 10
662 2592 715 2632 fit]
733 2597 784 2622 est
804 2591 839 2621 D
946 2600 982 2629 14
1008 2590 1091 2631 non]
1106 2591 1173 2629 jam
1192 2589 1226 2620 D
1332 2591 1370 2620 18
1395 2589 1500 2630 dolio]
1517 2589 1616 2620 doleo

88 2640 189 2673 MSS.
273 2642 357 2683 alio]
375 2642 486 2682 aliquo
503 2643 613 2674 alioF
700 2653 739 2683 19
763 2643 813 2683 et]
833 2643 865 2674 in
883 2642 916 2672 F
1000 2653 1042 2672 20
1066 2642 1271 2672 elementum
1289 2641 1340 2682 ut]
1358 2641 1565 2671 elementare
1582 2645 1617 2670 ut

86 2691 134 2723 D:
153 2703 183 2724 e.
194 2703 225 2723 u.
239 2703 326 2733 aqua
342 2693 375 2723 F
453 2694 544 2735 utre]
561 2695 648 2725 vitro
663 2693 698 2724 D
786 2703 824 2724 21
850 2693 1041 2733 teneretur]
1058 2693 1216 2723 tendetur
1228 2692 1263 2722 D
1352 2702 1392 2731 23
1416 2702 1495 2731 pars
1512 2703 1574 2723 om.
1589 2692 1623 2722 F

86 2752 127 2781 24
150 2744 300 2785 quando]
318 2745 474 2783 quoniam
493 2744 526 2775 F
654 2756 696 2786 29
720 2745 1002 2785 intelligeneiam]
1020 2744 1279 2784 intelligendum
1298 2743 1332 2773 D
