1898 3126
820 117 900 168 263

99 228 274 269 ducitur
296 228 508 269 terminus
543 228 598 267 ad
632 241 774 279 quem.
830 227 888 268 Et
922 228 1022 268 ideo
1054 229 1226 281 proprie
1257 229 1476 281 loquendo
1499 231 1629 271 debet

101 296 265 349 exponi
307 294 515 337 ‘desinit'
559 310 637 349 per
684 295 977 349 privacionem
1020 296 1195 349 plenam
1239 297 1293 337 de
1339 299 1542 350 presenti,
1585 307 1629 340 et

101 365 367 419 posicionem
401 363 648 404 absolutam
678 365 732 405 de
766 365 988 417 preterito,
1011 365 1186 414 scilicet,
1217 378 1332 406 nunc
1364 366 1504 418 primo
1541 380 1627 408 non

101 441 167 474 est
189 440 256 474 set
277 433 395 486 prius
417 432 509 482 fuit,
533 439 576 473 et
598 433 682 473 hoc
710 433 750 472 in
774 433 1143 486 permanentibus.
1206 433 1284 474 Set
1308 434 1349 472 in
1376 436 1627 475 successivis

2 530 3 534 ,
63 521 80 551 5
100 503 295 555 incepcio
318 507 464 554 potest
487 501 626 554 magis
649 502 820 554 proprie
843 502 979 555 accipi
1003 515 1081 553 pro
1110 502 1250 554 prima
1273 508 1396 554 parte
1417 504 1629 555 temporis

101 573 143 610 in
168 584 253 624 qua
282 576 348 610 est
370 570 510 623 prima
532 583 634 622 pars
658 576 814 617 motus,
839 576 885 609 ut
908 570 1058 623 incipit
1080 584 1238 611 cursus.
1302 578 1308 591 ²
1330 571 1458 611 Nunc
1487 572 1628 625 primo

100 645 166 680 est
197 645 241 679 et
272 638 390 692 prius
420 651 506 678 non
544 636 649 686 fuit,’
682 644 826 691 potest
863 638 998 679 eciam
1036 639 1198 690 exponi
1231 653 1308 692 per
1344 640 1627 692 negacionem

100 708 155 747 de
187 707 391 760 presenti,
417 714 463 747 ut
496 706 692 759 incepcio
723 707 778 746 sit
812 707 1099 757 instantanea‚
1131 707 1305 758 scilicet,
1340 721 1419 761 pro
1451 708 1627 749 instanti

99 781 200 816 ante
231 776 417 829 primam
453 781 624 828 partem
663 781 807 815 motus
841 775 914 815 sic.
978 775 1136 828 Incipit
1179 776 1356 825 moveri,
1396 789 1507 817 nunc
1542 790 1628 816 non

46 867 82 889 10
103 850 314 895 movetur,
346 850 411 884 set
447 850 598 897 postea
632 844 887 884 movebitur.
918 842 923 896 Ι
953 843 1028 884 Set
1061 844 1200 897 prima
1233 845 1459 897 exposicio
1490 845 1629 897 magis
1647 849 1689 879 1)-
1711 854 1750 887 70
1768 859 1798 878 a·

102 914 279 954 evidens
309 919 386 963 est,
409 913 511 965 quia
541 913 735 965 incepcio
758 919 884 953 sonat
908 912 949 951 in
975 913 1311 953 affirmacionem
1335 914 1473 966 magis
1495 927 1626 966 quam

103 983 145 1022 in
168 983 467 1036 negacionem.
531 982 582 1021 In
615 981 972 1034 permanentibus
1005 988 1151 1021 autern
1186 994 1270 1021 non
1305 987 1479 1034 oportet
1510 982 1629 1034 quod

101 1051 293 1104 incepcio
327 1051 446 1092 dicat
482 1050 668 1103 primam
706 1056 876 1103 partem
912 1050 1122 1103 temporis
1159 1050 1200 1088 in
1234 1064 1319 1102 quo
1354 1050 1631 1091 continuatur

101 1132 195 1160 esse
218 1119 289 1167 rei,
311 1119 414 1172 quia
436 1120 527 1173 ejus
544 1132 638 1159 esse
655 1119 774 1171 prius
797 1118 991 1159 totaliter
1008 1119 1273 1171 adquisitum
1293 1124 1358 1158 est
1376 1118 1418 1157 in
1437 1119 1630 1167 instanti,

43 1207 80 1238 15
101 1194 144 1229 et
182 1189 282 1230 ideo
316 1201 403 1228 non
437 1189 674 1241 exponitur
709 1188 750 1227 in
785 1187 846 1227 eis
883 1201 961 1240 pro
1004 1187 1144 1240 prima
1178 1192 1300 1239 parte
1336 1187 1545 1239 temporis
1583 1194 1629 1228 ut

102 1259 144 1298 in
163 1263 298 1298 motu.
353 1257 531 1298 Desicio
549 1270 662 1304 vero,
685 1257 789 1309 quia
811 1263 937 1296 sonat
962 1256 1003 1295 in
1027 1256 1309 1308 negacionem
1333 1261 1375 1296 et
1397 1255 1629 1306 defectum,

101 1326 200 1367 ideo
222 1326 395 1378 proprie
417 1332 481 1366 est
505 1326 548 1365 in
571 1325 749 1365 instanti
767 1325 885 1377 quod
909 1330 974 1364 est
996 1323 1093 1364 finis
1116 1324 1322 1377 temporis
1342 1325 1630 1364 mensurantis

102 1401 286 1443 motum,
308 1401 352 1434 et
373 1394 472 1435 ideo
493 1408 592 1434 cum
615 1394 783 1443 dicitur,
807 1393 989 1433 ‘desinit
1007 1391 1195 1441 moveri‚’
1215 1405 1362 1432 sensus
1384 1398 1462 1442 est,
1479 1398 1486 1412 ‘
1503 1392 1631 1432 Nunc

103 1478 187 1504 non
212 1470 278 1504 est
301 1470 446 1504 motus
468 1469 534 1504 set
556 1463 673 1516 prius
696 1460 801 1503 fuit)
862 1462 957 1502 Nec
979 1468 1124 1514 potest
1148 1461 1295 1514 aliquo
1314 1462 1446 1501 modo
1469 1462 1631 1515 exponi

44 1547 83 1569 20
102 1532 226 1573 aliter
250 1532 332 1583 hic,
355 1532 455 1573 licet
477 1533 519 1572 in
543 1531 899 1585 permanentibus
922 1537 1068 1584 potest
1100 1529 1280 1570 extendi
1303 1529 1529 1583 exposicio
1553 1543 1631 1581 pro

103 1600 243 1653 prima
266 1606 389 1654 parte
421 1600 629 1652 temporis
663 1601 705 1639 in
737 1613 822 1653 qua
854 1600 1062 1639 terminus
1094 1612 1118 1637 a
1144 1611 1232 1650 quo
1254 1598 1417 1638 amittit
1446 1598 1629 1650 primam

104 1675 274 1722 partem
297 1669 374 1709 sui.
404 1667 408 1721 Ι
438 1668 554 1722 Quia
579 1669 636 1708 ibi
662 1674 726 1708 est
750 1673 895 1708 motus
919 1666 1213 1719 corrupcionis
1236 1678 1311 1718 per
1334 1680 1388 1715 se,
1404 1667 1566 1706 vadens
1588 1666 1630 1705 in
1652 1669 1690 1709 76
1707 1680 1725 1700 a
1746 1680 1759 1699 2

104 1751 191 1779 non
213 1751 306 1778 esse
328 1738 501 1779 termini
529 1752 554 1778 a
583 1750 684 1789 quo,
707 1742 750 1776 et
780 1748 1064 1787 corrumpens
1095 1740 1239 1787 partes
1269 1735 1373 1787 ejus,
1396 1741 1438 1774 et
1463 1735 1517 1774 ad
1546 1734 1630 1775 hoc

104 1807 342 1852 ordinatus,
377 1813 419 1847 et
453 1807 553 1846 ideo
590 1805 806 1858 contingit
838 1817 1007 1843 sumere
1040 1803 1303 1843 desicionem
1337 1809 1380 1842 εῖ
1412 1803 1630 1844 defectum

44 1890 81 1921 25
103 1876 274 1916 termini
292 1889 317 1916 a
339 1888 427 1928 quo
449 1875 689 1915 successive
712 1879 754 1913 et
773 1872 961 1926 primum
982 1872 1211 1912 desicionis
1234 1878 1275 1911 et
1298 1871 1505 1912 defectus.
1553 1870 1630 1912 Set

103 1945 145 1984 in
185 1944 438 1985 successivis
481 1956 567 1982 non
601 1948 665 1982 est
705 1947 851 1981 motus
887 1939 1180 1992 corrupcionis
1213 1939 1369 1992 aliquis
1405 1940 1629 1980 ordinatus

103 2027 127 2053 a
150 2019 316 2060 natura,
339 2017 386 2052 ut
415 2018 559 2051 currat
588 2023 716 2062 super
745 2009 1091 2050 destruccionem
1122 2008 1314 2061 parcium
1347 2014 1503 2057 motus,
1529 2007 1630 2060 quia

103 2089 250 2121 motus
272 2092 358 2120 non
381 2085 446 2119 est
469 2079 608 2131 primo
632 2078 673 2117 in
696 2077 844 2130 aliquo
866 2083 1062 2130 tempore
1085 2082 1132 2116 ut
1153 2082 1305 2128 postea
1328 2082 1632 2129 corrumpatur

104 2149 146 2188 in
178 2149 264 2188 alio
299 2153 495 2200 tempore
532 2147 643 2187 sicut
685 2158 956 2198 permanens,
993 2150 1058 2185 set
1099 2158 1198 2185 cum
1235 2158 1311 2184 sua
1345 2143 1631 2196 generacione

43 2231 84 2261 30
106 2216 253 2258 deficit
276 2230 376 2269 pars
397 2216 525 2269 prior,
547 2215 805 2255 adveniente
823 2213 1088 2267 posteriore3
1124 2220 1167 2253 et
1190 2213 1271 2252 hoc
1293 2218 1358 2252 est
1380 2213 1435 2252 de
1459 2212 1630 2252 racione

103 2286 168 2325 sui
189 2298 293 2334 esse,
315 2284 523 2337 quoniam
555 2283 690 2324 habet
723 2289 891 2335 partem
926 2289 1024 2333 post
1058 2287 1238 2333 partem,
1260 2287 1302 2320 et
1335 2278 1497 2319 nullam
1530 2292 1629 2319 cum

104 2352 190 2394 alia
212 2353 256 2392 in
277 2353 434 2393 eodem
459 2358 668 2404 tempore.
732 2350 791 2390 Et
813 2350 911 2390 ideo
934 2349 1014 2389 hec
1032 2349 1260 2401 corrupcio
1281 2348 1523 2388 successiva
1545 2360 1630 2400 que

103 2421 262 2462 accidit
284 2421 326 2461 in
351 2427 473 2461 motu
497 2433 583 2460 non
605 2419 736 2460 debet
765 2418 977 2458 nominari
1007 2416 1243 2470 corrupcio‚
1266 2416 1470 2469 quoniam
1497 2414 1630 2454 inclu-

105 2489 221 2529 ditur
242 2489 284 2528 in
306 2502 382 2529 sua
405 2488 701 2541 generacione.
762 2486 863 2526 Non
887 2486 1001 2525 enim
1032 2491 1178 2537 potest
1199 2485 1360 2525 habere
1382 2498 1474 2524 esse
1496 2483 1632 2531 aliter,

43 2570 83 2601 35
103 2563 146 2598 et
173 2563 350 2610 propter
370 2557 452 2597 hoc
470 2569 555 2596 non
578 2561 722 2609 potest
742 2561 885 2595 motus
910 2554 993 2594 dici
1018 2553 1224 2602 desinere,
1243 2552 1342 2592 licet
1365 2550 1509 2603 aliqua
1530 2564 1630 2604 pars

147 2694 168 2714 2
191 2683 345 2724 plenam]
361 2684 503 2724 primam
522 2683 655 2723 plenam
673 2682 706 2712 F
805 2692 824 2720 5
849 2680 972 2721 magis]
991 2680 1096 2719 magis
1112 2680 1194 2710 satis
1211 2679 1243 2709 F
1354 2689 1374 2717 9
1400 2677 1506 2718 nunc]
1525 2687 1588 2708 nec
1604 2677 1637 2708 F

107 2746 146 2766 10
170 2736 368 2767 movebitur.
418 2735 478 2766 Set
495 2734 620 2775 prima]
638 2734 840 2771 movebitur,
859 2733 1000 2770 scilicet,
1019 2742 1080 2771 pro
1097 2732 1204 2771 prima
1220 2734 1316 2770 parte
1333 2729 1495 2768 temporis
1512 2730 1546 2760 in
1564 2739 1630 2768 qua

104 2791 157 2818 est
173 2792 293 2818 motus.
340 2787 453 2817 Prima
470 2792 581 2817 tamen
599 2786 634 2816 D
767 2786 808 2815 28
834 2784 885 2825 ut]
905 2783 968 2814 nisi
986 2783 1019 2813 F
1147 2793 1188 2822 35
1213 2782 1277 2813 dici
1295 2791 1361 2812 ont.
1381 2781 1413 2811 F
