1898 3126
997 102 1078 143 302

276 204 390 244 racio
424 211 466 244 et
501 204 703 244 voluntas
740 210 883 243 essent
925 203 1091 243 diverse
1132 204 1342 256 potencie,
1380 203 1646 256 impossibile
1685 209 1798 243 esset

276 273 393 324 quod
437 273 492 312 de
534 273 725 313 essencia
766 271 888 312 liberi
936 271 1100 312 arbitrii
1150 278 1293 312 essent
1336 272 1449 312 racio
1496 278 1538 312 et
1584 270 1798 319 voluntas,

276 341 379 393 quia
420 354 476 381 ex
515 341 685 381 duabus
727 339 937 394 potenciis
975 340 1153 381 diversis
1200 353 1286 380 non
1329 340 1377 380 fit
1422 354 1518 389 una,
1559 340 1670 381 sicut
1720 353 1798 380 nec

276 423 332 449 ex
359 409 453 449 visu
484 415 527 449 et
556 410 720 450 auditu.
785 408 843 448 Et
873 409 971 449 ideo
1002 422 1086 448 una
1118 415 1183 449 est
1214 410 1414 461 potencia
1446 409 1608 449 habens
1643 422 1796 461 opera-

131 485 171 515 88
190 495 208 515 a
230 494 258 515 1.
276 478 418 518 ciones
447 476 452 533 ἶ
479 478 668 519 diversas
694 485 758 518 set
790 477 1024 517 ordinatas.
1091 477 1149 518 Et
1178 478 1279 529 quia
1307 478 1420 518 istud
1447 491 1533 518 non
1554 476 1798 518 verificatur
1817 495 1835 526 5

275 561 300 586 a
322 546 548 599 theologis,
571 547 670 586 ideo
692 559 843 586 omnes
864 546 1121 598 quesciones
1143 559 1243 586 suas
1265 560 1374 598 quas
1403 546 1564 587 faciunt
1588 546 1643 586 de
1666 546 1797 599 parti-

276 615 356 654 bus
384 614 731 667 ymaginacionis
761 620 803 654 et
827 614 882 655 de
914 614 1050 654 libero
1079 614 1271 664 arbitrio,
1293 627 1402 666 quas
1435 613 1725 667 multiplicant
1756 613 1796 652 in

276 682 505 731 infinitum,
520 683 735 730 vacillant,
759 683 860 735 quia
882 683 1213 723 fundamentum
1238 696 1322 723 non
1344 683 1507 724 habent
1530 682 1796 723 verificatum

275 759 317 791 et
341 751 642 792 certificatum.

336 881 599 934 (Distz'uccz'o
619 888 778 934 quarta
798 882 849 921 de
860 880 1139 934 geum-acione
1160 896 1242 922 non
1268 881 1426 934 recta.)
1822 894 1859 916 10

334 949 610 1003 (Capilnlnm
637 957 702 990 1¹¹¹.
763 949 813 990 de
835 956 1104 991 monstruosa
1118 951 1431 1003 geueracioue.)

332 1053 570 1106 Postquam
608 1053 772 1093 dictum
806 1060 872 1093 est
909 1054 963 1093 de
1006 1059 1122 1093 recta
1163 1054 1448 1105 generacione
1490 1053 1797 1100 animatorum,

275 1121 503 1162 dicendum
535 1128 599 1162 est
629 1123 683 1162 de
713 1128 988 1162 monstruosa
1021 1128 1063 1162 et
1098 1121 1286 1174 peccatis
1325 1128 1368 1161 et
1400 1122 1615 1162 erroribus
1646 1128 1798 1162 nature

273 1191 493 1243 operantis
526 1191 567 1230 in
598 1190 895 1243 generacione.
958 1190 1223 1231 Aristoteles
1254 1191 1430 1243 quidem
1455 1196 1498 1232 2⁰
1523 1189 1798 1231 th'sz'corum

274 1259 401 1299 docet
424 1259 673 1312 hujusmodi
697 1265 875 1312 peccata
898 1272 1025 1312 posse
1048 1259 1137 1299 fieri
1161 1260 1201 1298 in
1223 1260 1480 1313 operacione
1501 1266 1664 1306 nature,
1690 1259 1798 1300 sicut
1821 1277 1856 1309 15

275 1328 432 1368 accidit
474 1329 514 1368 in
557 1329 813 1381 operacione
860 1329 979 1377 artis,
1018 1334 1064 1368 ut
1115 1329 1226 1368 sicut
1277 1328 1459 1382 scriptor
1498 1328 1648 1369 scribit
1688 1328 1798 1368 bene

277 1397 514 1448 aliquando
542 1398 782 1438 secundum
815 1404 968 1447 artem,
990 1397 1224 1449 aliquando
1256 1402 1434 1450 propter
1464 1397 1796 1451 ineptitudinem

277 1466 527 1519 pergameni
550 1466 618 1506 vel
641 1467 834 1507 encausti
856 1465 925 1506 vel
947 1465 1101 1507 calami
1125 1466 1238 1506 male
1267 1466 1414 1506 scribit
1437 1473 1478 1507 et
1501 1473 1614 1508 errat
1635 1467 1677 1506 in
1699 1472 1796 1506 actu

276 1534 506 1583 scribendi,
539 1534 597 1574 sic
633 1541 788 1574 natura
822 1534 1055 1587 aliquando
1088 1534 1198 1574 bene
1228 1535 1320 1587 agit
1350 1541 1393 1575 et
1425 1535 1677 1587 regulariter
1707 1536 1798 1575 sine

278 1616 431 1652 errore,
449 1603 684 1655 aliquando
701 1617 804 1643 vero
823 1609 937 1644 errat
960 1603 1001 1642 in
1024 1616 1101 1643 sua
1123 1603 1389 1656 operacione.
1444 1604 1502 1644 Et
1519 1605 1579 1644 sic
1597 1604 1798 1645 accidunt
1821 1621 1858 1642 20

276 1685 325 1711 ea
358 1685 441 1724 que
470 1671 576 1711 fiunt
598 1686 623 1712 a
645 1685 743 1713 casu
772 1672 812 1711 in
842 1671 1110 1713 naturalibus
1142 1679 1185 1712 et
1217 1671 1325 1712 fiunt
1355 1679 1531 1725 peccata
1559 1679 1602 1713 et
1634 1685 1797 1713 errores

278 1746 322 1781 et
352 1741 475 1781 encia
501 1754 577 1793 per
607 1741 817 1788 accidens,
842 1755 926 1793 que
947 1748 1157 1782 vocantur
1186 1741 1307 1781 encia
1328 1741 1370 1781 in
1403 1742 1567 1782 minore
1595 1748 1729 1796 parte,
1751 1748 1798 1782 ut

277 1816 431 1849 sextus
457 1809 621 1863 digitus
653 1814 696 1848 et
725 1808 869 1861 pluvia
897 1809 937 1849 in
968 1809 1122 1850 diebus
1153 1809 1467 1850 canicularibus
1496 1817 1540 1851 et
1571 1824 1725 1851 cauma
1757 1811 1799 1850 in

275 1878 445 1930 hyeme.

335 1947 414 1987 Set
440 1947 802 1988 considerandum
836 1954 901 1987 est
927 1947 1044 2000 quod
1078 1953 1256 2000 peccata
1284 1946 1492 1989 differunt
1523 1961 1548 1987 a
1580 1947 1796 1988 monstris.
1819 1964 1856 1996 25

282 2016 512 2056 Peccatum
535 2021 599 2056 est
621 2016 760 2056 omnis
782 2015 1031 2056 deformitas
1050 2023 1091 2056 et
1115 2029 1232 2056 error
1245 2016 1362 2068 quod
1385 2017 1636 2071 contingere
1653 2023 1798 2070 potest

279 2084 322 2124 in
346 2085 602 2137 operacione
624 2091 788 2131 nature,
810 2091 874 2125 set
897 2091 997 2125 tunc
1019 2085 1175 2125 dicitur
1195 2090 1422 2137 peccatum
1445 2091 1627 2134 tantum,
1645 2094 1688 2126 et
1711 2098 1797 2126 non

277 2160 529 2199 monstrum,
563 2153 738 2206 quando
759 2154 925 2194 accidit
958 2167 1074 2193 error
1105 2167 1161 2194 ex
1193 2153 1491 2206 superfluitate
1523 2154 1701 2195 materie
1731 2153 1798 2195 vel

277 2221 579 2269 diminucione,
605 2229 651 2262 ut
683 2223 802 2274 quod
833 2222 966 2262 homo
997 2222 1158 2263 habeat
1194 2236 1273 2263 sex
1310 2222 1472 2275 digitos
1508 2223 1576 2263 vel
1612 2229 1799 2276 quatuor

278 2297 451 2330 tantum
486 2290 526 2329 in
558 2304 643 2330 una
676 2304 821 2340 manu,
851 2292 967 2344 quod
1006 2291 1165 2332 habeat
1198 2292 1286 2332 duo
1318 2292 1471 2344 capita,
1501 2292 1610 2332 sicut
1639 2292 1797 2344 pluries
1817 2306 1857 2336 30

279 2359 491 2411 contingit
515 2360 555 2398 in
578 2360 752 2409 mundo,
775 2367 818 2400 et
840 2360 1091 2400 dividuntur
1112 2360 1356 2401 abinvicem
1378 2374 1514 2413 usque
1535 2361 1590 2401 ad
1614 2359 1796 2400 umbeli—

278 2440 392 2476 cum,
414 2434 456 2467 et
480 2435 675 2479 pugnant
699 2428 953 2478 adinvicem,
977 2435 1020 2469 et
1041 2442 1130 2469 uno
1158 2429 1412 2469 comedente
1443 2428 1552 2469 alius
1581 2435 1732 2479 cessat,
1754 2435 1797 2469 et

283 2508 369 2536 uno
399 2497 607 2536 moriente
640 2497 748 2536 alius
779 2497 884 2538 vivit
915 2498 969 2537 ad
1003 2503 1187 2550 tempuS,
1208 2497 1384 2546 scilicet,
1410 2511 1486 2550 per
1514 2497 1679 2550 aliquot
1704 2498 1797 2538 dies

277 2570 342 2604 set
376 2577 537 2616 paucos
570 2572 747 2618 propter
778 2564 1059 2605 infeccionem
1091 2571 1133 2605 et
1165 2565 1556 2618 putrefaccionem3
1591 2578 1647 2605 ex
1678 2565 1792 2618 quo!

129 2643 168 2674 88
189 2654 206 2674 a
226 2652 251 2675 2.
275 2639 397 2685 patet
419 2633 536 2684 quod
559 2633 720 2673 habent
743 2635 909 2674 animas
932 2633 1166 2675 racionales
1189 2635 1390 2684 diversas,
1412 2640 1455 2675 et
1475 2634 1558 2675 hoc
1581 2633 1794 2686 contingit
1816 2644 1854 2676 35

320 2771 356 2798 14
381 2763 632 2803 Phisicorum]
649 2763 680 2794 ii.
699 2774 747 2802 77,
767 2764 820 2794 82.
