1877 3131
966 128 1045 177 148

43 250 79 280 F.
98 249 139 291 96
156 250 176 280 b
195 259 209 279 2
243 254 328 281 non
350 240 491 281 solum
515 254 590 293 per
618 240 623 295 Ι
652 241 837 293 priorem
862 242 1091 291 racionem,
1108 248 1172 282 set
1196 255 1273 294 per
1297 241 1546 281 Aristotelis
1569 240 1772 293 exempla

243 309 442 361 superius
465 309 620 362 posita,
639 310 753 350 unde
775 310 903 350 valde
925 317 1053 351 caute
1076 317 1119 351 et
1141 309 1290 351 subtili
1308 309 1490 350 veritate
1511 309 1773 350 Aristoteles

244 378 365 429 ponit
388 378 595 430 exempla
622 391 711 418 sua.
775 378 890 417 Nam
918 378 1047 419 nichil
1075 378 1189 418 idem
1223 384 1287 418 est
1317 377 1452 430 dupla
1477 376 1709 431 proporcio
1731 383 1774 417 et

243 446 472 499 subdupla,
495 446 599 498 quia
629 452 729 486 sunt
759 446 1067 499 proporciones
1094 447 1264 486 diverse
1296 446 1534 487 secundum
1562 458 1699 499 genus
1731 445 1774 485 in

244 515 571 566 predicamento
613 513 845 561 relacionis‚
883 514 1093 561 similiter,
1132 514 1261 554 nichil
1305 514 1421 555 idem
1464 527 1561 555 cum
1606 513 1666 554 eis
1708 519 1811 555 6515

245 582 520 622 intervallum
563 595 637 622 seu
680 582 833 622 divisio
871 582 981 622 inter
1019 595 1151 622 unum
1189 588 1232 623 et
1269 583 1368 631 duo,
1406 583 1521 622 unde
1557 581 1639 623 tria
1674 587 1776 622 sunt

244 651 314 689 hic
346 651 524 690 omnino
556 651 726 690 diversa
758 650 799 689 in
831 651 1053 698 essencia3
1085 651 1261 701 scilicet,
1293 651 1427 704 dupla
1458 650 1700 704 proporcio,
1732 657 1775 691 et

245 717 474 769 subdupla,
518 724 561 758 et
602 717 891 767 intervallum,
934 723 977 758 et
1013 724 1161 758 tamen
1202 732 1333 772 super
1374 719 1456 760 hoc
1500 717 1774 760 intervallum

244 791 552 838 comparantur
566 786 646 825 hee
663 786 748 826 due
763 786 1084 838 proporciones.
1130 786 1425 840 Similiterque
1441 793 1506 827 est
1523 787 1578 827 de
1593 799 1774 827 ascensu

245 862 287 894 et
324 855 546 903 descensu,
582 855 701 906 quod
739 855 906 895 diversa
943 861 1043 895 sunt
1082 855 1123 894 in
1161 856 1365 905 essencia,
1403 861 1445 895 et
1478 855 1673 909 spacium
1709 861 1775 895 est
1800 871 1835 891 ιο

97 940 133 970 41
153 932 173 961 b
194 940 219 961 1.
244 923 462 963 diversum
495 923 550 963 ab
583 923 654 972 eis,
681 929 724 963 et
754 923 814 963 ita
846 923 887 962 in
917 923 1033 964 dicto
1061 920 1068 977 Ι
1095 923 1314 977 exemplo.
1378 921 1492 963 Cum
1520 923 1651 976 igitur
1682 921 1775 963 vult

245 992 473 1032 ostendere
515 992 641 1032 nobis
682 980 1031 1032 convenienciam
1075 998 1117 1032 et
1164 992 1459 1033 differenciam
1502 991 1691 1032 accionis
1733 998 1776 1032 et

244 1060 457 1112 passionis
480 1069 522 1101 et
546 1067 691 1101 motus
723 1075 799 1114 per
821 1060 900 1101 hec
933 1060 1150 1113 exempla,
1173 1067 1298 1114 patet
1330 1061 1450 1113 quod
1482 1060 1669 1101 intencio
1700 1073 1776 1100 sua

246 1135 310 1169 est
345 1130 462 1181 quod
488 1129 568 1170 hec
599 1129 695 1179 tria,
716 1129 834 1170 accio
864 1136 906 1170 et
933 1130 1079 1183 passio
1108 1137 1151 1170 et
1179 1135 1336 1179 motus,
1359 1135 1487 1170 erunt
1511 1129 1678 1169 diverse
1710 1141 1777 1168 res

248 1198 290 1236 in
327 1198 528 1243 essencia,
566 1205 609 1238 et
646 1205 793 1239 tamen
830 1199 917 1238 duo
954 1199 1007 1238 de
1043 1198 1136 1248 hiis,
1171 1198 1346 1247 scilicet,
1384 1198 1505 1238 accio
1542 1203 1585 1237 et
1625 1197 1779 1251 passio,
1802 1213 1837 1242 15

245 1266 611 1319 comparabuntur
639 1279 769 1318 super
802 1266 994 1316 tercium,
1016 1266 1125 1307 sicut
1155 1280 1284 1319 super
1311 1265 1586 1306 intervallum
1613 1278 1778 1305 eorum.

248 1334 324 1374 Set
352 1335 394 1374 in
419 1334 501 1375 1106
534 1335 896 1375 considerandum
928 1342 1004 1382 est,
1035 1336 1152 1388 quod
1183 1334 1460 1376 intervallum
1488 1335 1532 1374 in
1562 1334 1778 1387 exemplis

247 1406 302 1444 de
338 1404 484 1456 spacio
521 1410 562 1443 et
599 1404 668 1444 via
705 1410 770 1444 est
805 1403 951 1456 aliqua
988 1404 1200 1444 distancia
1235 1403 1385 1444 localis
1420 1404 1532 1444 inter
1567 1403 1778 1444 terminos

249 1479 407 1523 motus,
443 1478 484 1512 et
527 1472 569 1511 in
611 1472 744 1512 tercio
786 1478 851 1512 est
894 1472 1047 1512 divisio
1091 1473 1228 1512 tocius
1270 1478 1313 1512 et
1355 1472 1492 1524 partis
1537 1472 1777 1512 secundum

249 1542 441 1581 raciones
464 1547 507 1581 et
528 1540 814 1581 diffiniciones
837 1554 996 1581 eorum.
1059 1541 1213 1593 Agens
1240 1547 1387 1582 autem
1418 1546 1461 1581 et
1484 1540 1658 1593 paciens
1680 1546 1780 1580 sunt
1804 1554 1842 1575 20

250 1610 377 1650 simul
409 1609 516 1658 1060,
548 1616 591 1650 61
620 1609 748 1649 nichil
782 1616 846 1650 est
878 1610 1069 1662 ipsorum
1105 1609 1309 1658 medium,
1341 1615 1406 1649 set
1437 1615 1587 1650 tamen
1618 1610 1781 1650 distant

251 1685 294 1719 et
325 1678 578 1719 dividuntur
609 1678 844 1718 secundum
877 1692 975 1719 suas
1004 1678 1215 1719 essencias
1244 1683 1287 1718 et
1316 1677 1612 1726 diffiniciones,
1640 1683 1683 1718 et
1715 1690 1781 1717 se-

253 1747 444 1787 cundum
487 1747 578 1797 hoc,
617 1746 891 1787 intervallum
934 1747 1049 1788 inter
1089 1759 1221 1799 agens
1263 1752 1306 1787 et
1338 1745 1514 1800 paciens
1545 1752 1611 1787 est
1644 1745 1783 1799 magis

254 1814 393 1855 simile
430 1814 656 1855 intervallo
693 1815 877 1855 duorum
916 1822 957 1855 et
1000 1814 1137 1865 unius,
1171 1828 1303 1868 quam
1338 1814 1566 1855 intervallo
1604 1820 1784 1867 sumpto

254 1883 295 1922 in
317 1882 411 1923 aliis
443 1882 670 1936 exemplis,
693 1889 736 1923 et
765 1882 874 1934 ideo,
897 1883 1133 1923 secundum
1166 1882 1259 1933 hoc,
1280 1896 1367 1923 non
1397 1887 1463 1923 est
1489 1883 1644 1923 eadem
1669 1882 1783 1923 racio
1806 1895 1843 1924 25

256 1952 573 2004 exemplorum,
615 1958 657 1992 et
700 1958 876 2004 propter
925 1951 1007 1992 1106
1051 1964 1137 1992 11011
1177 1952 1445 1992 attendenda
1491 1957 1556 1991 est
1597 1950 1784 1992 intencio

256 2019 510 2060 Aristotelis
542 2019 835 2073 principaliter
861 2033 992 2073 penes
1017 2020 1268 2072 hujusmodi
1301 2018 1543 2068 intervalla,
1563 2025 1629 2059 set
1652 2031 1784 2072 penes

257 2087 350 2135 hoc,
382 2088 499 2139 quod
532 2088 620 2128 duo
652 2088 820 2128 diversa
853 2095 1174 2141 comparantur,
1212 2096 1254 2128 et
1287 2087 1346 2128 sic
1383 2086 1621 2128 fundantur
1656 2100 1785 2140 super

256 2157 382 2205 idem,
409 2163 455 2196 ut
488 2169 692 2196 ascensus
723 2164 765 2197 et
798 2157 1030 2197 descensus
1063 2170 1192 2210 super
1223 2156 1418 2210 spacium
1451 2156 1581 2206 idem,
1609 2161 1652 2196 et
1684 2168 1785 2208 pro-

256 2238 425 2277 gressus
458 2231 500 2264 et
534 2238 750 2276 regressus
787 2239 916 2277 super
952 2225 1136 2266 eandem
1175 2225 1303 2276 viam,
1328 2232 1372 2266 et
1405 2224 1526 2266 accio
1561 2230 1602 2264 et
1639 2223 1786 2276 passio
1805 2237 1846 2266 30

259 2298 565 2345 comparantur
587 2294 642 2334 ad
664 2294 849 2334 eundem
874 2301 1057 2334 motum.

318 2359 393 2400 Set
416 2361 528 2401 obici
553 2368 709 2413 potest,
731 2362 849 2414 quod
878 2375 1011 2415 agens
1046 2363 1149 2402 dum
1184 2369 1249 2402 est
1271 2375 1419 2415 agens,
1442 2367 1485 2401 et
1510 2360 1552 2400 in
1574 2366 1784 2414 quantum

258 2442 406 2481 agen5‚
435 2436 510 2469 aut
546 2436 692 2469 movet
723 2437 766 2470 et
797 2437 900 2470 111116
932 2437 998 2470 651
1029 2431 1148 2471 accio
1181 2437 1339 2480 motus,
1370 2435 1446 2470 aut
1478 2443 1577 2479 non,
1608 2435 1651 2469 et
1682 2435 1785 2469 tunc

258 2497 379 2537 accio
408 2503 471 2537 est
500 2498 591 2537 sine
621 2504 754 2547 motu,
777 2511 962 2550 quorum
992 2506 1226 2551 utrumque
1258 2505 1323 2540 est
1344 2498 1513 2538 falsum.
1576 2496 1786 2538 Similiter

260 2566 313 2605 de
343 2566 551 2618 paciente,
574 2579 673 2606 nam
706 2566 739 2605 si
769 2567 873 2606 dum
904 2567 1079 2620 paciens
1104 2567 1281 2619 patitur,
1307 2573 1351 2608 et
1371 2567 1414 2606 in
1437 2572 1650 2620 quantum
1673 2566 1784 2619 pati·
1805 2581 1844 2611 35

261 2640 344 2682 tur,
365 2642 574 2682 movetur,
590 2641 692 2675 tunc
716 2635 857 2686 passio
880 2642 945 2675 est
970 2642 1137 2684 motus3
1168 2636 1202 2675 si
1226 2648 1324 2685 non,
1341 2642 1445 2676 tunc
1470 2635 1518 2675 fit
1539 2635 1631 2675 sine
1653 2639 1785 2674 motu.

307 2744 341 2763 11
369 2734 476 2775 dicto]
494 2735 599 2765 tercio
616 2735 678 2764 FD
771 2746 874 2774 12'13
899 2736 999 2765 nobis
1016 2760 1022 2766 .
1041 2760 1046 2766 .
1066 2762 1071 2766 .
1088 2741 1199 2766 motus
1212 2746 1280 2766 om.
1298 2735 1332 2765 D
1425 2744 1529 2773 14-15
1553 2740 1587 2765 et
1604 2738 1716 2765 motus
1729 2756 1737 2764 .
1754 2757 1760 2763 .
1777 2757 1784 2763 .

260 2785 373 2824 passio
388 2796 454 2817 om.
472 2785 504 2815 F
629 2796 666 2815 21
694 2785 826 2826 tamen]
844 2791 911 2816 tum
934 2786 1035 2818 MSS.
1168 2796 1209 2825 35
1234 2787 1360 2827 patitur
1375 2809 1383 2818 .
1406 2812 1412 2817 .
1433 2810 1439 2816 .
1455 2790 1614 2824 quantum
1631 2795 1696 2816 om.
1714 2784 1788 2815 MD
