1877 3131
971 127 1052 176 164

242 245 390 278 tamen
420 253 443 279 3
470 245 593 292 parte
624 238 696 279 1113
728 252 813 291 qua
844 252 930 279 non
958 246 1022 279 est
1054 239 1434 287 dimensionatum‚
1459 250 1547 277 non
1579 235 1776 277 excludit

241 307 383 347 aliud:
439 314 504 348 set
549 313 695 347 motus
737 320 823 347 non
871 307 1007 348 habet
1045 307 1374 356 dimensionem,
1416 306 1497 346 nisi
1535 305 1774 345 secundum

244 375 560 429 longitudinem
585 376 730 428 spacii,
755 382 796 416 et
823 376 904 416 hoc
930 382 996 417 est
1026 391 1051 417 3
1084 376 1295 430 preterito
1325 375 1367 415 in
1402 374 1626 424 futurum;
1659 387 1775 427 ergo,

95 454 175 495 ,4621
195 464 221 485 2.
242 450 437 498 respectu
472 446 685 498 presentis
719 458 804 485 non
838 445 1016 486 habebit
1049 445 1379 494 dimensionem,
1406 441 1410 498 Ι
1452 457 1538 496 qua
1571 442 1777 483 excludat

241 513 376 553 alium
392 519 559 554 motum
574 530 581 562 3
612 528 727 568 ergo,
745 514 873 553 simul
889 520 1072 567 possunt
1088 528 1183 554 esse
1197 513 1342 567 plures
1357 519 1504 554 motus
1519 512 1560 552 in
1576 511 1776 565 presenti,
1799 529 1815 560 5

241 583 340 622 licet
366 583 598 635 preteritus
621 589 663 622 et
686 583 855 622 futurus
877 582 1003 622 simul
1027 595 1120 622 6556
1150 595 1236 622 000
1256 588 1447 635 possunt.
1510 579 1655 633 Major
1676 592 1777 633 pro-

242 651 406 704 posicio
425 657 547 703 patet
565 652 607 690 in
625 651 752 691 simili
771 652 825 691 de
845 664 1047 691 mensura
1060 651 1143 691 loci
1161 658 1202 691 et
1219 651 1304 698 ubi,
1324 664 1425 691 0301
1441 649 1553 689 11063
1571 648 1779 689 continua

244 720 483 760 secundum
508 720 687 772 longum
718 720 852 760 habet
878 720 1216 768 dimensionem3
1250 733 1336 760 non
1359 719 1624 772 compatitur
1645 717 1776 757 aliam

243 789 286 828 in
309 789 463 828 eodem
486 787 581 829 1060
603 790 845 829 5660061001
871 789 1067 841 longum,
1090 796 1156 829 set
1179 788 1377 828 excludit
1400 801 1497 828 6301
1519 801 1544 827 3
1567 787 1663 826 1060
1685 799 1776 825 500.

243 857 321 897 Set
345 857 445 909 quia
477 858 716 897 secundum
748 858 883 897 latum
916 864 959 897 et
986 857 1252 911 profundum
1282 863 1348 897 est
1371 854 1654 905 indivisibilis,
1677 855 1777 895 ideo
1802 869 1840 891 10

240 926 477 966 secundum
498 926 591 966 illas
605 927 867 980 compatitur
883 940 1030 967 secum
1049 926 1251 966 infinitas.
1298 925 1470 965 Eodem
1487 925 1619 964 modo
1633 936 1779 975 super-

241 995 371 1045 ficies,
386 995 488 1047 quia
505 994 637 1034 habet
655 995 972 1035 dimensionem
990 996 1228 1035 secundum
1251 995 1430 1047 longum
1454 1000 1497 1033 et
1513 993 1664 1042 latum,
1680 992 1778 1032 ideo

241 1077 326 1103 non
355 1063 620 1116 compatitur
649 1063 779 1103 aliam
806 1064 1045 1104 secundum
1073 1063 1169 1104 illos
1192 1069 1439 1115 respectu53
1472 1067 1538 1102 set
1560 1061 1663 1114 quia
1691 1073 1777 1100 non

242 1133 374 1172 habet
389 1130 670 1185 profundum,
686 1132 785 1172 ideo
803 1133 1043 1173 secundum
1061 1132 1327 1185 profundum
1343 1137 1526 1184 possunt
1540 1129 1669 1171 simul
1685 1141 1779 1169 esse

239 1200 526 1253 infinite‚quia
541 1201 598 1240 516
614 1207 714 1241 sunt
729 1201 908 1242 omnino
924 1201 1276 1249 indivisibiles,et
1292 1200 1409 1240 nulla
1423 1199 1552 1240 aliam
1569 1198 1778 1238 excludit.
1804 1212 1839 1244 15

304 1268 382 1309 Set
404 1269 593 1309 obicitur
614 1269 798 1318 fortiter,
820 1283 918 1310 cum
953 1276 1098 1311 motus
1128 1270 1184 1310 sit
1213 1269 1460 1322 subjectum
1491 1266 1715 1319 temporis,
1736 1272 1779 1306 et

252 1337 452 1378 accidens
506 1344 757 1378 numeratur
798 1338 853 1378 ad
904 1339 1257 1379 numeracionem
1303 1338 1369 1378 sui
1422 1336 1620 1389 subjecti,
1663 1348 1778 1387 ergo,

240 1406 483 1447 secundum
519 1419 748 1446 numerum
784 1413 982 1447 motuum
1021 1407 1103 1448 erit
1141 1421 1347 1447 numerus
1382 1412 1641 1458 temporum.
1719 1403 1778 1444 Et

242 1475 495 1522 dicendum,
530 1475 649 1526 quod
687 1481 875 1527 quatuor
914 1482 1014 1515 sunt
1057 1475 1304 1516 accidencia
1346 1489 1431 1527 que
1470 1480 1676 1514 secuntur
1712 1486 1778 1513 res

245 1543 463 1595 subjectas
495 1543 622 1583 aliter
653 1557 784 1596 quam
815 1544 899 1584 alia
922 1543 1180 1593 36616160613,
1203 1551 1246 1584 et
1278 1550 1378 1584 sunt
1407 1543 1496 1593 ubi,
1527 1549 1570 1582 et
1600 1541 1777 1582 duracio
1800 1557 1840 1578 20

245 1624 432 1663 presens,
451 1618 493 1652 et
508 1612 593 1651 due
612 1625 812 1652 mensure
827 1613 1024 1661 durandi,
1043 1613 1220 1662 scilicet,
1237 1612 1357 1653 10605
1372 1619 1413 1652 et
1428 1619 1615 1665 tempus.
1659 1610 1777 1650 Nam

244 1679 323 1719 1166
357 1680 455 1726 (100,
485 1680 662 1732 scilicet,
684 1680 769 1728 ubi,
797 1688 838 1721 et
872 1681 1049 1721 duracio
1078 1694 1266 1733 presens,
1294 1681 1511 1721 debentur
1542 1680 1670 1720 rebus
1701 1691 1778 1732 per

247 1753 445 1787 naturam
463 1749 631 1788 unionis
646 1755 689 1789 et
705 1749 989 1797 indivisionis‚
1005 1755 1045 1789 et
1062 1749 1378 1798 indistancie,et
1394 1763 1470 1801 per
1483 1748 1776 1802 privacionem

243 1816 539 1864 dimensionis,
563 1824 605 1857 et
638 1817 737 1857 ideo
770 1830 855 1857 una
885 1831 951 1858 res
983 1818 1180 1870 subjecta
1212 1819 1272 1858 eis
1301 1831 1386 1858 non
1417 1817 1611 1858 excludit
1633 1816 1778 1867 aliam,

243 1885 356 1925 sicut
385 1892 506 1938 patet
535 1886 589 1925 de
619 1886 691 1926 ubi
718 1886 907 1938 plurium
933 1886 1143 1926 linearum
1173 1887 1410 1927 secundum
1443 1885 1707 1939 profundum
1734 1890 1777 1925 et
1799 1900 1836 1931 25

242 1953 392 2003 latum,
415 1961 458 1994 et
490 1954 544 1995 de
572 1955 645 1994 ubi
668 1954 857 2006 plurium
882 1955 1209 2008 superficierum
1240 1955 1477 1996 secundum
1501 1955 1777 2007 profundum,

245 2022 344 2074 quia
368 2023 440 2063 ubi
464 2022 650 2063 debetur
671 2023 740 2064 hic
762 2024 958 2076 pluribus
981 2024 1119 2074 rebus,
1151 2024 1194 2064 in
1225 2030 1439 2077 quantum
1462 2030 1562 2064 sunt
1585 2024 1775 2065 indivisi-

245 2090 353 2130 biles
397 2097 439 2131 et
478 2091 734 2132 indistantes
772 2106 850 2145 per
882 2093 1174 2145 privacionem
1213 2093 1509 2142 dimensionis,
1545 2106 1630 2145 que
1672 2093 1776 2134 facit

245 2159 519 2200 distanciam.
581 2159 719 2200 Linea
737 2161 851 2200 enim
875 2175 962 2201 non
979 2162 1113 2202 habet
1132 2162 1423 2211 latitudinem,
1446 2167 1489 2202 et
1511 2162 1611 2202 ideo
1633 2175 1658 2201 a
1681 2161 1776 2203 1060

245 2241 325 2267 500
357 2228 531 2280 proprio
564 2241 650 2268 non
679 2229 813 2269 habet
846 2231 961 2271 unde
993 2230 1203 2271 excludat
1229 2231 1468 2271 secundum
1498 2230 1774 2271 latitudinem
1795 2242 1836 2273 30
1869 2250 1870 2267 1

94 2300 223 2339 46b1.
246 2295 376 2335 aliam
413 2296 586 2345 lineam,
615 2296 619 2350 l
648 2304 689 2337 et
728 2298 825 2338 ideo
866 2299 1058 2339 secunda
1089 2298 1201 2339 linea
1239 2312 1326 2339 non
1363 2299 1495 2339 distat
1536 2299 1773 2339 secundum

246 2364 521 2405 latitudinem
554 2379 579 2405 3
612 2365 707 2406 1060
739 2367 878 2418 prime
911 2367 1035 2417 linee,
1060 2367 1163 2419 quia
1196 2367 1357 2408 distare
1395 2380 1479 2407 non
1511 2373 1659 2419 posset
1696 2367 1775 2406 nisi
1864 2368 1871 2404 1

244 2433 384 2485 prima
407 2433 520 2472 linea
549 2433 728 2474 haberet
759 2435 1031 2475 latitudinem
1068 2449 1143 2488 per
1171 2448 1301 2488 quam
1328 2434 1486 2475 faceret
1516 2435 1774 2476 distanciam
1860 2484 1871 2491 „

243 2500 286 2539 10
308 2500 444 2541 latum
466 2517 474 2550 3
507 2509 771 2556 quapropter
787 2504 976 2544 secunda
1003 2504 1118 2544 11063
1140 2511 1203 2545 est
1228 2503 1483 2544 immediata
1513 2503 1610 2544 loco
1636 2503 1775 2556 prime
1869 2511 1871 2546 1

245 2569 356 2609 11066
387 2571 627 2610 5660061001
650 2571 762 2612 viam
796 2571 1050 2619 latitudinis,
1072 2579 1115 2613 et
1148 2572 1244 2612 ideo
1267 2571 1338 2612 ubi
1368 2584 1517 2612 earum
1542 2585 1675 2611 unum
1708 2578 1774 2612 est
1796 2585 1833 2616 35
1858 2564 1872 2623 ,1

1858 2636 1872 2693 1}

289 2697 310 2725 6
334 2697 516 2734 preteritus
545 2704 579 2728 et
607 2698 756 2739 futurus]
782 2699 954 2738 preteritis
982 2705 1015 2730 et
1041 2700 1161 2730 suturis
1188 2700 1220 2730 F
1392 2710 1409 2738 7
1435 2699 1595 2730 continua
1620 2709 1686 2731 om.
1714 2699 1776 2730 FD
1859 2694 1872 2739 J*

240 2757 263 2785 9
288 2747 435 2779 excludit
452 2759 516 2780 om.
532 2748 566 2778 D
657 2759 669 2779 1
680 2760 691 2779 1
719 2750 808 2785 illas]
823 2750 898 2781 illas
909 2751 978 2781 vias
990 2751 1054 2782 FD
1144 2751 1291 2792 Eodem]
1305 2751 1431 2782 Eadem
1443 2751 1479 2782 D
1570 2760 1608 2790 15
1625 2751 1774 2792 infinite]

244 2798 443 2837 imperfecte
459 2799 493 2829 D
