1898 3126
113 256 238 287 68121.

39 334 72 362 1⁵.
94 333 151 362 108
170 343 188 362 a
208 340 235 362 1.

123 2108 246 2138 65b2.

985 133 1066 189 236

259 249 414 303 angeli,
457 255 646 289 motores
689 247 859 288 orbium
909 246 1153 296 celestium,
1192 252 1293 286 sunt
1340 245 1585 299 sexaginta,
1611 244 1615 299 Ι
1645 252 1789 300 preter

258 319 376 359 milia
408 318 575 358 milium
609 324 651 357 et
673 316 815 357 decies
838 314 1033 369 cenitena
1065 314 1196 362 milia,
1221 320 1263 355 et
1297 313 1630 355 innumerabiles
1652 313 1789 363 nobis,

256 400 366 440 quos
393 386 552 425 scimus
574 398 668 425 esse
692 398 767 437 per
788 383 921 424 fidem
943 382 1136 433 ecclesie,
1154 390 1197 424 et
1219 383 1440 436 scripture,
1462 389 1505 423 et
1527 388 1790 423 sanctorum.

315 454 361 496 Si
405 454 538 507 igitur
571 453 762 494 obicitur
791 452 923 505 quod,
956 464 1056 491 cum
1089 451 1234 504 angeli
1266 452 1352 491 sint
1384 451 1428 491 in
1461 451 1599 505 gloria
1632 451 1790 498 celesti,

260 529 385 563 erunt
408 522 517 562 infra
540 521 694 569 celum,
719 526 762 561 et
784 520 843 561 ita
863 520 931 561 vel
953 525 1097 561 totum
1120 520 1277 571 celum,
1298 520 1365 560 vel
1399 527 1583 574 partem,
1606 519 1791 574 quilibet
1813 540 1830 572 5

259 605 410 632 eorum
433 592 514 632 sibi
537 590 859 639 determinabit,
882 595 925 629 et
948 589 1008 629 ita
1031 588 1176 629 locum
1203 589 1465 629 divisibilem
1497 588 1567 629 vel
1596 588 1791 629 indivisi-

259 660 422 707 bilem3
469 659 676 699 dixerunt
713 657 794 697 viri
831 657 986 697 famosi
1024 658 1140 710 quod
1178 657 1257 697 hec
1290 657 1429 698 forma
1460 657 1671 710 arguendi
1704 669 1791 698 non

259 727 400 776 valet3
444 727 545 779 quia
581 727 702 766 Deus
745 732 810 766 est
843 725 885 764 in
922 725 1029 774 celo,
1065 732 1109 766 et
1145 725 1186 765 in
1224 725 1305 767 hoc
1349 727 1526 777 mundo,
1560 733 1604 767 et
1645 733 1794 767 tamen

259 796 426 837 nullum
457 795 604 835 locum
637 794 716 834 sibi
749 794 1025 845 determinat,
1058 807 1136 833 nec
1175 794 1452 843 divisibilem,
1490 807 1568 834 nec
1602 794 1793 835 indivisi-

260 864 406 905 bilem.
470 863 547 904 Set
576 868 679 903 tunc
707 862 741 903 si
773 863 942 903 dicatur
979 863 1097 915 quod
1131 863 1313 916 angelus
1342 864 1422 904 erit
1448 863 1598 903 similis
1626 863 1724 904 Deo
1753 863 1794 903 in
1819 881 1855 903 ιο

261 935 342 974 hac
365 932 645 985 proprietate,
667 938 710 972 et
735 931 795 972 ita
818 927 925 971 cum'
943 931 1063 971 Deus
1093 938 1275 984 propter
1300 931 1397 982 hoc,
1420 932 1538 985 quod
1568 933 1611 972 in
1638 946 1685 973 se
1716 938 1793 982 est,

262 1015 349 1042 non
387 1001 544 1042 dicitur
578 1013 672 1040 esse
711 1000 754 1039 in
792 1000 919 1049 loco;
964 999 1165 1040 similiter
1199 1014 1278 1041 nec
1313 1000 1522 1054 angelus,
1567 1001 1687 1053 quod
1729 996 1796 1041 est

263 1069 532 1122 nepharium,
566 1069 667 1122 quia
708 1076 811 1110 tunc
858 1074 971 1108 esset
1015 1068 1161 1109 Deus:
1209 1069 1361 1110 dicunt
1403 1070 1521 1122 quod
1567 1069 1689 1110 Deus
1729 1076 1794 1110 est

263 1145 416 1179 natura
438 1137 674 1190 spiritualis
702 1150 780 1190 per
804 1137 1099 1190 privacionem
1129 1137 1364 1190 corporalis
1395 1145 1560 1187 nature,
1583 1144 1626 1178 et
1649 1138 1691 1178 in
1713 1137 1795 1178 hoc

263 1206 412 1248 similis
436 1212 500 1247 est
522 1206 560 1246 ei
582 1204 773 1258 angelus.
1819 1222 1855 1253 ις,

322 1276 449 1326 Item,
471 1275 573 1327 quia
595 1281 659 1315 est
681 1287 844 1326 ymago
867 1273 963 1321 Dei,
987 1287 1074 1314 non
1100 1274 1242 1314 solum
1273 1281 1339 1315 est
1365 1274 1516 1315 similis
1549 1288 1627 1327 per
1656 1275 1798 1327 priva-

264 1345 431 1386 cionem
455 1342 689 1396 corporalis
722 1349 884 1389 nature,
910 1349 976 1383 set
1008 1356 1085 1396 per
1115 1343 1430 1395 ymitacionem
1460 1349 1613 1383 nature
1642 1343 1797 1389 divine,

264 1414 363 1454 licet
400 1425 486 1452 non
522 1413 577 1451 sit
611 1411 767 1452 similis
803 1425 880 1464 per
914 1412 1300 1464 participacionem
1339 1411 1523 1465 alicujus
1554 1411 1797 1453 communis

267 1482 367 1523 Deo
390 1488 433 1521 et
457 1482 505 1521 ei.
568 1481 690 1520 Deus
718 1481 850 1532 igitur
871 1480 972 1532 quia
1001 1487 1067 1520 est
1097 1486 1251 1522 natura
1283 1481 1530 1533 spiritualis,
1553 1487 1596 1521 et
1624 1481 1726 1534 quia
1756 1481 1797 1520 in

265 1565 311 1592 se
334 1556 410 1601 est,
432 1562 519 1589 non
541 1549 804 1589 determinat
836 1549 917 1589 sibi
947 1548 1089 1589 locum
1123 1562 1201 1590 nec
1234 1563 1443 1604 magnum
1477 1563 1555 1590 nec
1584 1562 1796 1603 parvum,
1820 1567 1858 1588 20

266 1626 310 1660 et
337 1620 397 1659 ita
421 1632 477 1658 ex
500 1617 660 1670 duplici
690 1631 829 1658 causa.
893 1616 972 1658 Set
1002 1617 1183 1670 angelus
1212 1632 1269 1658 ex
1299 1631 1384 1658 una
1416 1617 1600 1670 illarum,
1622 1632 1707 1671 que
1735 1624 1798 1658 est

263 1687 499 1741 spiritualis
537 1693 703 1736 natura,
740 1693 782 1726 et
813 1698 898 1726 non
929 1699 986 1726 ex
1018 1685 1113 1733 alia,
1146 1685 1323 1736 scilicet,
1355 1687 1473 1739 quod
1507 1686 1670 1727 habeat
1705 1700 1798 1726 esse

265 1757 307 1796 in
344 1770 401 1803 se,
433 1755 534 1808 quia
568 1754 651 1795 hoc
684 1753 933 1794 conceditur
966 1754 1046 1794 soli
1083 1754 1190 1795 Deo.
1256 1755 1323 1794 De
1355 1754 1625 1807 proprietate
1651 1762 1798 1796 tamen

266 1831 419 1864 nature
440 1823 677 1876 spiritualis
701 1828 779 1871 est,
802 1829 848 1863 ut
872 1835 956 1862 non
974 1822 1135 1863 habeat
1159 1823 1492 1876 prop01·cionem
1515 1823 1709 1875 aliquam
1741 1824 1796 1863 ad

265 1894 410 1934 locum
434 1891 705 1945 corporalem
724 1908 733 1942 3
757 1892 859 1944 quia
881 1891 1000 1931 nulla
1021 1898 1087 1933 est
1109 1892 1341 1945 proporcio
1359 1892 1536 1944 spiritus
1554 1893 1609 1932 ad
1628 1905 1796 1945 corpus,
1820 1906 1857 1938 25

267 1975 344 2002 nec
368 1962 422 2001 ad
447 1959 611 2012 aliquid
634 1960 840 2012 corporis.

327 2030 373 2071 Si
403 2043 506 2069 vcro
535 2029 722 2069 obicitur
752 2029 882 2081 quod,
923 2029 958 2068 si
1002 2042 1087 2068 non
1126 2029 1287 2069 habeat
1329 2028 1472 2069 locum
1522 2028 1797 2075 divisibilem,

267 2111 405 2151 neque
448 2095 789 2151 indivisibilem}
819 2097 862 2136 in
899 2097 1003 2144 celo,
1045 2110 1150 2150 ergo
1193 2110 1334 2149 neque
1377 2096 1617 2137 mutabitur
1652 2103 1696 2138 et
1738 2096 1797 2136 ita

267 2180 353 2207 non
390 2172 570 2218 possunt
608 2165 752 2217 angeli
790 2165 880 2205 fieri
918 2171 1141 2218 presentes
1178 2165 1316 2215 nobis,
1351 2178 1429 2205 nec
1466 2165 1687 2215 demones,
1720 2177 1797 2204 nec

266 2235 409 2275 anime
442 2240 588 2274 nostre
620 2247 813 2286 unquam
845 2240 1152 2286 separarentur
1173 2247 1197 2273 a
1220 2233 1484 2286 corporibus,
1507 2239 1550 2272 et
1574 2233 1728 2274 fierent
1756 2232 1796 2271 in
1817 2247 1858 2279 30
1884 2272 1885 2276 ,

266 2303 360 2345 celo
383 2308 426 2343 et
449 2302 714 2355 purgatorio,
735 2316 819 2355 que
842 2308 943 2342 sunt
965 2302 1073 2342 falsa
1091 2308 1133 2342 et
1153 2301 1443 2355 inpossibilia:
1482 2300 1798 2354 consequencia

267 2377 390 2424 patet
425 2385 482 2411 ex
519 2371 809 2424 supradictis;
841 2371 941 2423 quia
974 2376 1197 2410 ostensum
1231 2376 1296 2410 est
1329 2370 1446 2422 quod
1477 2370 1510 2409 si
1543 2381 1630 2409 non
1663 2368 1797 2409 habet

267 2441 411 2481 locum
445 2438 706 2479 divisibilem
739 2451 825 2478 non
857 2439 1017 2491 poterit
1046 2438 1208 2479 moveri
1237 2451 1314 2478 nec
1347 2437 1533 2486 mutari;
1567 2443 1611 2477 et
1643 2437 1678 2477 si
1711 2449 1796 2477 non

271 2509 403 2549 habet
445 2508 823 2560 comparacionem
866 2506 1014 2559 aliquo
1057 2508 1189 2547 modo
1230 2507 1285 2546 ad
1327 2505 1471 2546 locum
1518 2518 1604 2544 non
1651 2510 1798 2558 potest
1877 2506 1884 2544 l

271 2576 431 2616 habere
477 2575 855 2628 comparacionem
897 2577 954 2615 ad
997 2582 1166 2615 motum
1215 2574 1316 2627 quia
1369 2580 1512 2614 motus
1559 2573 1884 2618 secundun135ss

312 2669 352 2698 27
377 2658 539 2699 obicitur]
558 2659 721 2689 obiciatur
736 2659 771 2688 D
881 2658 1021 2698 habeat]
1039 2658 1141 2688 habet
1157 2657 1192 2686 D
1347 2658 1388 2686 28
1412 2655 1608 2696 mutabitur]
1627 2665 1668 2686 m.
1686 2665 1797 2694 neque

268 2715 421 2741 movetur
437 2709 498 2741 FB
688 2720 729 2749 29
754 2709 913 2750 possunt]
931 2713 1073 2749 possent
1090 2709 1124 2739 D
1310 2718 1353 2747 30
1376 2718 1522 2746 unquam
1539 2705 1796 2746 separarentur]

270 2767 414 2800 possunt
431 2762 582 2801 separari
599 2761 632 2791 F
718 2761 856 2802 fierent]
876 2762 960 2791 fient
976 2761 1011 2790 D
1128 2771 1169 2799 34
1194 2759 1324 2800 potest]
1343 2760 1467 2799 poterit
1483 2759 1518 2789 D
1638 2768 1679 2797 35
1703 2757 1797 2797 quia]

269 2812 455 2842 secundum
472 2813 581 2843 locum
599 2813 676 2851 quia
692 2812 760 2842 BD
849 2813 926 2851 quia
943 2817 1054 2843 motus
1071 2821 1136 2843 om.
1156 2812 1188 2842 F
