1898 3126
862 90 938 120 221

136 193 375 246 frangibile,
397 200 444 233 ut
465 192 626 232 vitrum
650 191 718 231 vel
742 191 876 231 fictile
895 204 904 240 ;
938 198 982 232 et
1004 191 1132 244 hujus
1154 204 1285 232 causa
1307 198 1371 232 est
1396 191 1669 232 continuacio

136 276 367 316 corporum
398 261 672 310 naturalium,
696 268 743 301 ut
765 274 838 301 aer
865 261 1136 312 ingrediatur
1162 261 1217 300 ad
1245 261 1602 308 continuandum,
1625 267 1668 300 et

136 333 218 372 hoc
241 329 345 372 facit
374 336 530 370 natura
556 329 825 378 universalis,
849 343 905 369 ex
936 328 1060 381 cujus
1093 334 1315 381 potestate
1347 329 1563 381 rumpitur
1592 342 1668 369 vas

135 400 370 450 artificiale,
401 400 443 438 in
477 412 565 451 quo
599 411 683 438 non
722 404 785 438 est
821 397 926 437 lesio
960 403 1127 445 nature,
1156 403 1203 437 ut
1240 397 1432 437 salvetur
1461 396 1669 436 naturalis

99 488 116 518 5
136 471 238 512 unio
261 481 490 522 corporum
515 467 792 507 naturalium.

193 538 270 580 Set
293 539 347 578 de
369 537 530 577 tabulis
553 536 681 590 plane
699 534 941 587 superficiei
959 534 1216 586 conjunctis,
1232 535 1406 576 videtur
1421 548 1513 575 esse
1532 535 1670 587 major

135 608 368 649 dubitacio.
417 605 705 659 Accipiantur
720 605 850 658 igitur
872 605 957 644 due
979 604 1196 645 circularis
1211 603 1359 656 figure,
1374 610 1417 643 et
1436 617 1520 643 una
1536 617 1670 656 pona-

134 685 204 719 tur
234 689 363 730 super
394 675 537 725 aliam,
559 680 601 714 et
631 674 823 714 elevetur
852 687 928 726 per
965 672 1084 712 filum
1116 672 1158 712 in
1186 679 1335 713 centro
1368 671 1534 713 fixum:
1565 678 1668 712 tunc

20 703 26 810 l
135 747 263 787 cicius
277 745 357 785 erit
372 757 444 784 aer
459 744 500 783 in
516 742 854 796 partibusjuxta
876 741 1273 782 circumferenciam
1296 755 1429 794 quam
1453 741 1495 780 in
1520 747 1669 781 centro

21 814 25 889 i
79 817 244 856 xointer
280 813 463 861 tabulas,
496 825 612 865 ergo,
649 813 703 851 ad
742 816 916 864 tempus
948 811 1028 850 erit
1058 823 1256 850 vacuum.
1321 810 1394 850 Ad
1426 809 1508 850 hoc
1542 809 1667 849 multi

19 891 25 1037 ξ
134 884 272 925 multa
309 881 510 923 solebant
544 881 699 921 dicere.
763 880 957 933 Quidam
988 879 1102 920 enim
1133 880 1338 920 dicebant
1367 879 1488 931 quod
1517 892 1589 919 aer
1612 878 1667 918 sit

25 259 31 414 ³

23 421 29 628 l

134 954 176 994 in
204 951 210 1007 Ι
239 951 417 992 instanti
451 963 587 1002 usque
622 950 677 989 ad
713 956 922 998 centrum,
955 956 1002 989 ut
1036 947 1297 988 excludatur
1327 960 1526 987 vacuum.
1589 945 1666 986 Set
1684 957 1724 996 63
1746 959 1765 988 b
1787 968 1797 988 1

135 1022 204 1063 isti
237 1021 379 1074 primo
413 1025 597 1072 peccant
630 1025 808 1070 propter
839 1018 936 1069 hoc,
957 1018 1076 1070 quod
1110 1017 1292 1069 negacio
1318 1029 1404 1056 non
1438 1022 1504 1056 est
1535 1028 1665 1055 causa

133 1089 463 1137 affirmacionis;
489 1088 692 1135 secundo,
716 1087 750 1125 si
775 1087 1040 1127 consulimus
1063 1087 1133 1133 eis,
1150 1091 1198 1125 ut
1220 1085 1456 1138 loquantur
1477 1083 1666 1124 affirma-

77 1169 113 1201 15
133 1160 220 1200 tive
254 1157 438 1199 dicendo
471 1157 588 1209 quod
621 1155 704 1196 hoc
738 1155 819 1196 erit
852 1163 1030 1208 propter
1062 1155 1398 1195 continuitatem
1436 1166 1666 1205 corporum

134 1226 412 1275 naturalium,
435 1231 482 1265 ut
512 1225 758 1278 predictum
790 1230 855 1264 est
884 1224 924 1263 in
957 1225 1065 1274 aliis,
1086 1224 1283 1263 dicemus
1315 1223 1434 1274 quod
1468 1221 1551 1262 hoc
1583 1235 1668 1261 non

134 1302 279 1351 potest
296 1308 390 1335 esse
413 1307 469 1333 ex
484 1300 638 1334 natura
653 1293 886 1333 universali
903 1292 971 1332 vel
990 1291 1254 1345 particulari,
1273 1297 1452 1345 propter
1470 1291 1666 1330 raciones

135 1365 331 1418 superius
360 1369 512 1411 tactas,
535 1363 591 1403 de
624 1361 919 1402 translacione
950 1360 1149 1401 facienda
1176 1360 1217 1400 in
1249 1373 1388 1400 vacuo
1412 1360 1453 1398 in
1480 1358 1669 1398 instanti.

135 1435 238 1474 Non
270 1433 385 1473 enim
419 1437 565 1484 potest
593 1431 790 1482 spacium
821 1429 1034 1470 divisibile
1066 1429 1252 1478 transiri,
1277 1429 1356 1468 nisi
1388 1429 1428 1468 in
1458 1435 1669 1480 tempore,

78 1513 116 1534 20
134 1508 177 1544 et
206 1515 376 1554 corpus,
399 1500 517 1553 quod
549 1506 615 1540 est
641 1498 869 1548 divisibile,
893 1498 1028 1539 habet
1056 1498 1244 1551 priorem
1276 1503 1446 1550 partem
1477 1496 1597 1549 prius
1627 1496 1669 1534 in

133 1571 280 1625 spacio
315 1583 446 1622 quam
481 1569 799 1622 posteriorem;
841 1574 884 1608 et
919 1574 1073 1608 natura
1103 1566 1357 1607 universalis
1394 1573 1459 1606 est
1497 1566 1668 1605 virtutis

133 1640 264 1687 finite,
288 1652 392 1692 ergo
421 1645 625 1691 operatur
652 1639 694 1677 in
724 1644 923 1690 tempore
957 1643 1000 1677 et
1030 1649 1117 1676 non
1146 1636 1188 1675 in
1218 1635 1423 1683 instanti3
1458 1641 1500 1674 et
1529 1634 1588 1673 sic
1614 1635 1669 1674 de

134 1708 229 1748 aliis
267 1707 515 1748 racionibus
551 1707 609 1746 ibi
648 1706 813 1760 positis,
851 1719 937 1758 que
979 1704 1223 1746 necessario
1259 1703 1542 1744 concludunt.
1608 1702 1669 1741 Et

133 1777 231 1817 ideo
254 1776 388 1829 aliqui
413 1776 564 1816 dicunt
587 1776 706 1828 quod
731 1775 879 1814 omnia
908 1773 1215 1827 contingencia
1245 1785 1290 1813 se
1324 1772 1365 1811 in
1396 1784 1510 1823 aqua
1531 1769 1600 1810 vel
1625 1771 1666 1809 in

76 1856 113 1886 ²5
132 1859 231 1886 aere
271 1846 437 1886 habent
479 1844 784 1884 extremitates
825 1843 1040 1891 humidas,
1083 1843 1194 1883 sicut
1239 1841 1504 1882 Aristoteles
1550 1840 1667 1888 dicit,

133 1915 327 1955 secundo
349 1914 416 1953 De
437 1914 618 1961 Anima,
642 1918 686 1953 et
708 1912 817 1959 ideo,
840 1925 913 1952 aer
936 1918 1000 1951 est
1024 1912 1066 1951 in
1090 1911 1236 1951 medio
1265 1909 1514 1951 tabularum
1539 1915 1581 1948 et
1606 1909 1666 1948 ibi

132 1983 450 2036 comprimitur,
466 1983 539 2034 qui
559 1980 735 2021 rarescit
753 1987 796 2021 et
819 1980 1086 2033 expanditur
1109 1980 1150 2019 in
1169 1979 1384 2019 divisione
1404 1977 1665 2018 tabularum.

135 2051 223 2093 Sed
248 2052 363 2091 istud
391 2051 531 2103 primo
562 2056 684 2103 patet
717 2063 809 2090 esse
842 2049 998 2088 salsum
1026 2062 1104 2101 per
1131 2061 1302 2101 aquam,
1325 2060 1425 2088 nam
1456 2047 1491 2086 si
1518 2046 1666 2087 tabule

133 2121 454 2174 conjungantur
495 2120 539 2159 in
581 2132 708 2171 aqua,
742 2123 785 2158 et
826 2117 1018 2158 elevetur
1060 2130 1144 2158 una
1181 2116 1236 2157 ab
1277 2115 1375 2166 alia,
1413 2129 1540 2168 aqua,
1580 2128 1666 2167 qua

75 2199 115 2230 30
134 2189 310 2230 humide
332 2195 432 2229 sunt
462 2187 622 2239 tabule,
645 2200 732 2228 non
760 2186 921 2227 sufficit
943 2187 997 2226 ad
1022 2185 1280 2238 replendum
1309 2183 1468 2234 locum,
1490 2189 1555 2224 set
1581 2183 1666 2223 alia

133 2271 247 2310 aqua
271 2256 531 2297 intercurrit.
594 2256 767 2296 Deinde
788 2255 986 2296 videmus
1009 2255 1126 2308 quod
1149 2267 1262 2307 aqua
1278 2254 1463 2306 illa‚que
1485 2252 1664 2293 adheret

132 2326 305 2376 tabulis,
346 2332 413 2366 est
456 2324 809 2378 modicalvalde
851 2324 892 2363 in
939 2324 1055 2377 poris
1098 2323 1248 2363 tabule
1290 2323 1543 2368 consistens,
1587 2334 1663 2362 nec
1683 2329 1808 2370 63b2.

175 2468 217 2497 26
241 2469 295 2498 De
312 2465 466 2506 Anima]
483 2466 516 2497 ii.
538 2475 608 2504 113.

178 2605 194 2634 7
220 2595 410 2636 circularis]
429 2595 612 2626 circulares
628 2595 661 2625 F
813 2604 853 2625 10
875 2593 929 2624 Ad
948 2593 1029 2634 hoc]
1049 2592 1092 2623 Et
1109 2593 1163 2623 hic
1179 2592 1211 2622 F
1359 2601 1392 2629 17
1416 2595 1528 2630 potest
1544 2599 1611 2620 om.
1629 2589 1663 2619 D

132 2646 268 2687 natura]
300 2647 442 2678 naturali
474 2646 516 2676 M
684 2657 722 2686 19
747 2645 840 2686 Non]
874 2645 957 2676 Nam
991 2645 1025 2674 D
1186 2643 1339 2684 transiri]
1370 2653 1432 2683 per
1462 2642 1598 2673 transiri
1629 2641 1664 2671 D

131 2707 170 2736 27
195 2698 380 2739 divisione]
398 2698 623 2729 definiccione
640 2698 675 2728 D
691 2708 770 2729 corr.
789 2698 823 2727 in
841 2708 948 2737 matg.
1177 2706 1218 2734 29
1242 2694 1507 2735 conjungantur]
1525 2694 1663 2733 conjun-

129 2754 252 2789 gentur
267 2748 302 2779 D
434 2760 499 2789 qua
516 2760 581 2781 om.
600 2749 633 2780 F
760 2759 801 2788 32
826 2759 888 2779 nec
906 2748 1022 2779 rarefit
1039 2758 1104 2778 om.
1121 2747 1154 2777 F
