1898 3126
122 1293 243 1324 (Μαι.

47 1360 82 1390 F.
107 1367 163 1399 105
182 1368 199 1387 a
219 1366 244 1387 1.

984 102 1065 142 216

257 218 403 258 vacuis
426 225 469 257 et
499 216 630 257 nichil
661 214 787 256 solidi
821 214 955 267 ipsius
984 211 1193 265 pacientis
1225 210 1495 259 alteraretur,
1519 209 1621 261 quia
1652 208 1784 249 nichil

258 286 497 327 secundum
520 298 595 326 eos
617 284 823 325 alteratur
845 283 926 322 nisi
955 281 1121 334 aliquid
1151 279 1420 333 ingrediatur
1442 278 1485 318 in
1507 291 1571 319 eo.
1636 275 1715 318 Set
1744 278 1788 317 in

259 354 447 396 solidum
481 353 612 394 nichil
645 351 895 405 ingreditur,
930 356 995 390 set
1028 350 1071 388 in
1105 361 1246 402 poros,
1281 354 1324 388 et
1357 346 1455 387 ideo
1488 351 1790 399 corrumpetur

259 435 482 475 nunquam
515 421 679 474 aliquid
715 421 769 461 de
805 418 943 459 solida
975 416 1223 458 substancia
1258 415 1488 469 pacientis,
1508 414 1642 467 cujus
1679 427 1779 454 con-

261 491 441 531 trarium
463 490 674 530 videmus.

366 636 608 690 Capitulum
638 642 805 675 sextmn
836 634 887 673 de
916 633 1144 673 exz'steucz'a
1176 632 1303 671 vacui
1331 630 1560 671 secundum
1589 645 1645 671 se.

322 735 380 774 Et
408 733 614 785 quoniam
644 731 762 783 prius
793 728 1070 782 suppositum
1099 734 1178 776 est,
1197 727 1315 779 quod
1339 740 1525 767 vacuum
1556 726 1687 768 nichil
1709 732 1787 776 est,

261 809 303 844 et
328 803 424 842 ideo
447 813 533 840 non
555 805 701 853 potest
724 797 843 838 locus
867 810 961 837 esse
986 796 1201 836 distancia
1222 809 1359 836 vacua
1386 796 1498 836 inter
1520 795 1656 836 latera
1685 808 1788 836 con-

261 870 447 916 tinentis,
476 868 591 920 prius
623 866 950 919 expediendum
984 872 1048 905 est
1079 865 1134 904 de
1163 864 1257 905 hoc.
1319 864 1378 904 Et
1408 863 1674 904 Aristoteles
1705 863 1787 903 hoc

260 940 417 993 probat
460 949 536 990 per
572 936 680 976 duas
720 923 929 974 raciones.
1005 932 1084 974 Set
1124 933 1291 973 dictum
1326 938 1392 972 est
1434 932 1632 985 superius
1671 932 1790 985 quod

262 1008 449 1060 primum
501 1009 808 1058 argumentum
859 1001 951 1054 ejus
997 1001 1132 1042 habet
1185 1001 1515 1042 dubitacionem
1568 1013 1786 1053 magnam,

261 1075 402 1128 arguit
424 1073 551 1122 enim,
579 1072 614 1111 si
639 1071 817 1123 aliquod
847 1070 1045 1122 spacium
1078 1076 1192 1110 esset
1220 1070 1333 1110 inter
1359 1069 1498 1110 latera
1527 1069 1790 1110 continentis

261 1144 380 1196 quod
417 1148 530 1182 esset
560 1153 760 1188 vacuum,
792 1146 895 1180 tunc
930 1145 1074 1180 essent
1106 1138 1199 1179 loca
1232 1137 1400 1179 infinita
1434 1139 1476 1178 in
1508 1144 1608 1178 actu
1641 1138 1684 1177 in
1716 1136 1790 1177 illo

263 1211 420 1263 spacio,
454 1209 629 1258 scilicet,
664 1208 782 1261 quod
816 1208 1010 1260 quelibet
1048 1220 1147 1259 pars
1183 1206 1314 1247 locati
1351 1206 1535 1247 haberet
1571 1206 1715 1246 locum
1750 1206 1792 1245 in

264 1286 374 1327 actu,
397 1279 572 1326 scilicet,
596 1284 763 1330 partem
787 1276 899 1316 illius
922 1276 1144 1324 distancie,
1169 1281 1211 1315 et
1233 1275 1332 1315 ideo
1356 1288 1455 1315 cum
1486 1274 1490 1328 Ι
1518 1275 1604 1315 sint
1626 1273 1792 1315 infinite

264 1355 408 1401 partes
443 1347 585 1395 locati,
618 1345 720 1386 licet
756 1347 797 1385 in
832 1346 1024 1397 quadam
1058 1344 1274 1396 potencia,
1311 1350 1406 1384 tum
1437 1342 1440 1395 Ι
1470 1343 1661 1385 actualia
1697 1342 1791 1383 loca

265 1416 348 1456 illis
371 1415 538 1455 infinita
562 1414 898 1467 respondebunt.
971 1412 1136 1453 Dicunt
1157 1424 1260 1452 vero
1283 1411 1416 1464 aliqui
1441 1413 1559 1464 quod
1581 1412 1792 1452 distancia

266 1483 445 1524 actualis
468 1489 613 1536 potest
635 1482 746 1522 bene
775 1494 868 1521 esse
899 1480 1013 1520 illius
1035 1480 1152 1532 quod
1177 1485 1241 1519 est
1265 1480 1307 1519 in
1330 1480 1546 1533 potencia,
1570 1480 1686 1520 uncle
1707 1480 1794 1520 due

267 1559 410 1606 partes
432 1553 655 1600 distantes,
679 1551 779 1591 licet
808 1556 907 1589 sunt
936 1549 978 1588 in
1002 1549 1204 1601 potencia
1230 1548 1435 1601 quadam,
1460 1547 1624 1588 habent
1646 1553 1792 1588 tamen

266 1621 481 1663 actualem
504 1620 763 1660 distanciam
787 1619 899 1659 inter
915 1631 960 1657 se
981 1633 989 1666 ;
1023 1623 1066 1656 et
1084 1617 1194 1666 ideo,
1209 1617 1319 1656 sicut
1336 1621 1479 1656 totum
1497 1615 1631 1657 habet
1648 1615 1792 1656 locum

267 1689 483 1731 actualem
508 1694 685 1741 propter
702 1687 822 1728 illam
839 1692 982 1727 totam
1002 1685 1260 1725 distanciam
1278 1683 1505 1733 actualem,
1522 1685 1581 1725 sic
1599 1683 1794 1737 quelibet

267 1772 366 1811 pars
396 1764 574 1811 propter
597 1756 856 1796 distanciam
888 1754 926 1795 ei
960 1753 1311 1807 respondentem.
1372 1752 1450 1793 Set
1481 1766 1570 1793 non
1599 1752 1795 1805 sequitur

266 1840 321 1867 ex
344 1826 548 1879 potencia
569 1831 702 1873 actus,
727 1824 842 1863 unde
865 1835 962 1863 cum
986 1835 1072 1862 non
1103 1821 1158 1861 sit
1189 1821 1379 1862 infinitas
1413 1821 1608 1873 parcium
1639 1820 1717 1860 nisi
1751 1819 1794 1859 in

266 1894 478 1947 potencia,
510 1892 707 1933 similiter
735 1905 824 1932 non
858 1892 939 1931 erit
968 1891 1010 1930 in
1039 1902 1190 1930 eorum
1224 1889 1342 1929 locis.
1405 1889 1463 1929 Et
1494 1888 1578 1928 hoc
1612 1901 1698 1928 non
1729 1893 1793 1928 est

265 1962 578 2010 inconveniens,
603 1967 781 2014 propter
803 1959 922 2012 quod
944 1958 1013 1998 alii
1038 1958 1198 2007 dicunt,
1222 1957 1338 2010 quod
1363 1957 1405 1996 in
1427 1970 1565 1997 vacuo
1588 1956 1707 1996 nulla
1729 1961 1794 1996 est
1817 1973 1829 1992 2

267 2037 423 2070 natura
452 2042 528 2069 nec
557 2029 697 2069 forma
728 2028 880 2068 uniens
913 2032 1059 2080 partes
1091 2026 1195 2078 ejus,
1218 2032 1260 2066 et
1289 2026 1401 2076 ideo,
1423 2032 1524 2066 sunt
1551 2024 1793 2065 abinvicem

269 2099 504 2138 secundum
542 2110 588 2137 se
621 2098 805 2137 discrete
838 2102 881 2136 et
918 2095 1067 2144 divise,
1102 2100 1281 2146 propter
1311 2094 1406 2142 hoc,
1438 2093 1548 2134 sicut
1586 2093 1628 2132 in
1665 2092 1794 2146 pleno

268 2174 367 2208 sunt
391 2173 536 2219 partes
557 2166 723 2206 infinite
744 2165 786 2204 in
808 2164 1023 2218 potencia,
1040 2163 1101 2203 sic
1119 2163 1161 2202 in
1178 2176 1316 2203 vacuo
1339 2168 1439 2202 sunt
1460 2169 1607 2215 partes
1628 2160 1796 2201 infinite

269 2237 310 2275 in
342 2242 470 2285 actu;
506 2248 607 2274 nam
639 2234 816 2286 plenum
850 2232 982 2272 habet
1014 2230 1206 2283 aliquam
1238 2229 1423 2270 formam
1458 2229 1612 2278 tocius,
1637 2229 1680 2268 in
1709 2241 1794 2281 qua

270 2304 475 2343 uniuntur
497 2309 641 2354 partes
664 2308 841 2355 propter
867 2313 998 2353 quam
1022 2300 1227 2339 unionem
1260 2311 1347 2338 non
1370 2305 1469 2338 sunt
1492 2304 1591 2338 actu
1616 2297 1794 2337 omnino

271 2372 455 2412 discrete
488 2383 565 2410 nec
597 2371 821 2419 distantes,
856 2376 898 2409 et
931 2369 1030 2409 ideo
1061 2374 1162 2407 sunt
1194 2368 1235 2407 in
1270 2367 1475 2419 potencia
1507 2366 1675 2406 infinita
1706 2378 1792 2404 non

272 2440 313 2479 in
345 2444 468 2479 actu:
502 2445 545 2478 et
567 2439 831 2478 contrarium
862 2443 928 2477 est
956 2437 998 2476 in
1021 2449 1169 2484 vacuo,
1193 2435 1302 2483 ideo,
1325 2441 1471 2487 partes
1500 2434 1594 2486 ejus
1624 2439 1726 2473 sunt
1751 2432 1793 2471 in

271 2514 369 2547 actu
392 2506 569 2546 infinite.
632 2506 710 2546 Set
734 2506 815 2545 ista
838 2505 953 2545 racio
975 2503 1093 2543 nulla
1120 2510 1196 2551 est,
1220 2503 1428 2554 quoniam
1458 2501 1518 2541 illi
1539 2501 1613 2554 qui
1635 2514 1791 2553 posue-

315 2608 335 2635 6
359 2611 493 2636 sextum
511 2615 577 2636 om.
594 2605 639 2636 F:
664 2607 710 2643 5¹¹¹
726 2605 761 2634 D
910 2604 963 2644 se]
983 2614 1031 2643 se,
1051 2604 1083 2634 in
1101 2613 1167 2642 quo
1183 2602 1364 2642 inquiritur
1380 2612 1422 2632 an
1440 2601 1601 2641 possibile
1618 2605 1670 2631 est
1686 2601 1794 2640 ipsum

273 2658 383 2695 aliquo
414 2657 513 2687 modo
537 2666 612 2687 esse
637 2656 711 2685 sine
729 2655 987 2694 comparacione
1012 2655 1083 2693 ejus
1107 2655 1149 2684 ad
1178 2658 1315 2692 motum,
1342 2653 1395 2683 vel
1423 2653 1513 2684 aliud
1540 2657 1680 2692 propter
1703 2653 1792 2690 quod

272 2713 416 2747 ponatur
432 2708 464 2737 F
625 2709 663 2736 16
687 2706 782 2737 locati
800 2716 864 2738 om.
885 2706 918 2735 D
1087 2716 1125 2744 19
1149 2705 1243 2745 sunt]
1261 2705 1333 2736 sine
1350 2704 1384 2734 D
1545 2714 1583 2742 31
1611 2703 1793 2743 distantes]

271 2759 428 2789 distincte
444 2759 493 2789 F:
518 2759 621 2788 divise
638 2759 671 2787 D

1816 941 1889 973 102

1816 1632 1857 1654 20
