1877 3131
806 152 885 191 145

82 255 327 309 frigefaccio
350 256 391 296 in
413 268 571 308 genere
603 254 783 309 frigoris,
808 255 850 294 id
881 261 957 304 est,
981 267 1066 295 non
1089 262 1153 296 est
1178 255 1218 295 in
1242 256 1433 296 essencia
1455 254 1612 296 coloris

83 338 159 366 nec
189 324 344 365 caloris
374 337 453 365 ηερ
495 322 687 376 frigoris;
722 330 765 364 et
797 323 906 373 ideo,
943 337 1020 364 nec
1053 330 1196 364 motus
1229 324 1271 363 in
1313 323 1608 363 substanciam

81 398 145 433 cst
167 393 427 441 substancia,
449 405 527 432 ηερ
555 392 597 431 in
620 392 911 443 quantitatem
938 399 1005 432 est
1029 392 1262 444 quantitas,
1284 404 1360 431 ηερ
1384 392 1425 430 in
1449 391 1521 431 ubi
1545 397 1610 430 est

81 462 122 500 in
146 459 489 515 prediicamento
512 460 598 508 ubi,
621 473 698 501 nec
722 474 797 513 per
819 473 1088 513 consequens
1117 467 1264 501 motus
1287 460 1329 499 in
1351 459 1609 512 qualitatem

44 550 60 580 5
80 530 159 569 erit
195 529 396 582 qualitaS,
428 536 608 582 propter
641 529 947 569 conveniencia
984 536 1128 569 motus
1163 541 1260 569 cum
1298 540 1375 568 suo
1407 527 1609 568 termino.

21 890 59 911 10

20 1641 58 1661 20

20 2332 60 2362 30

81 597 264 638 sienim
299 604 442 638 motus
469 598 510 637 in
542 597 654 638 hanc
676 597 923 637 albedinem
954 604 1068 637 esset
1097 596 1294 649 ejusdem
1328 602 1480 636 nature
1512 609 1610 635 cum

79 663 160 703 hac
196 663 410 711 albedine,
448 669 492 704 et
535 669 680 704 motus
718 663 760 702 in
797 662 1043 704 albedinem
1085 676 1184 703 cum
1225 662 1439 710 albedine,
1481 668 1523 701 et
1570 661 1610 700 in

79 731 268 772 colorem
292 745 390 772 cum
413 731 569 782 colore,
592 738 694 772 tunc
717 738 969 785 sequeretur
989 737 1312 785 argumentum,
1335 737 1401 772 set
1424 743 1510 771 non
1533 738 1610 780 est,

79 807 122 840 et
152 800 251 840 ideo
284 813 370 840 non
407 800 534 841 valet.
609 800 753 842 Multa
787 802 902 840 enim
939 814 1022 853 que
1065 800 1416 841 concomitantur
1447 813 1492 839 se
1524 812 1610 840 non

78 875 178 909 sunt
220 868 416 921 ejusdem
454 874 618 918 nature,
661 875 709 909 ut
751 868 911 909 risibile
953 876 997 909 et
1038 869 1185 909 homo.
1268 867 1451 908 Risibile
1493 867 1611 907 enim

77 933 292 987 significat
327 935 536 982 accidens,
573 942 616 976 et
653 935 787 976 homo
823 935 1132 982 substanciam,
1164 941 1208 975 et
1243 934 1341 974 ideo
1379 947 1465 973 non
1497 933 1613 974 valet

77 1004 196 1055 quod
219 1003 332 1054 licet,
349 1003 429 1044 hec
451 1005 552 1055 duo,
569 1004 747 1053 scilicet,
765 1005 882 1056 quod
908 1010 1052 1044 motus
1075 1017 1186 1043 unus
1209 1004 1449 1043 secundum
1472 1015 1610 1055 genus

77 1079 119 1112 et
148 1073 358 1113 terminus
385 1073 477 1125 ejus
507 1086 617 1113 unus
649 1086 807 1127 genere
836 1073 1185 1114 concomitentur
1206 1085 1263 1120 se,
1285 1072 1404 1124 quod
1434 1076 1611 1124 propter

77 1140 159 1181 hoc
197 1147 342 1181 motus
376 1142 455 1182 iste
491 1148 533 1182 et
568 1142 776 1182 terminus
810 1148 909 1182 sunt
944 1142 1069 1181 unius
1091 1147 1256 1181 nature.
1320 1139 1398 1180 Set
1432 1140 1486 1179 de
1528 1139 1610 1179 hoc

40 1232 55 1261 5
76 1208 249 1250 inferius
270 1209 414 1250 adhuc
435 1210 613 1251 dicetur.

138 1327 383 1380 Capitulum
418 1334 481 1367 2¹³³.
545 1328 594 1368 de
616 1335 734 1368 motu
766 1329 810 1368 in
841 1342 920 1381 qm)
950 1329 1019 1375 sil,
1052 1328 1163 1368 sicut
1193 1327 1238 1367 in
1270 1326 1462 1380 subjecto,
1493 1333 1534 1367 et
1565 1327 1609 1367 in

76 1410 155 1448 qno
175 1396 325 1448 differt
343 1397 395 1437 ab
418 1398 582 1438 accione
602 1403 645 1437 el
653 1398 866 1450 passione.

136 1488 309 1528 Deinde
363 1487 587 1528 sciendum
640 1494 717 1538 est,
753 1489 872 1541 quod
914 1494 1060 1528 motus
1104 1495 1166 1528 est
1211 1487 1252 1526 in
1305 1487 1455 1527 mobili
1499 1487 1611 1528 sicut

78 1557 120 1596 in
160 1556 359 1610 subjecto
402 1563 445 1597 et
497 1557 540 1596 in
584 1558 797 1611 paciente,
845 1558 1087 1598 secundum
1138 1555 1426 1597 Aristotelem
1474 1555 1609 1596 tercio

76 1625 364 1673 Plzz'sicormn,
407 1625 521 1666 unde
562 1625 620 1665 ibi
663 1625 792 1667 docet
831 1627 950 1679 quod
992 1625 1112 1666 accio
1154 1631 1198 1665 et
1239 1625 1382 1678 passio
1423 1630 1522 1664 sunt
1566 1625 1607 1664 in

77 1694 286 1747 paciente,
310 1701 354 1735 et
382 1693 595 1742 similiter,
629 1695 671 1735 in
693 1696 886 1736 secundo
917 1694 982 1734 De
1018 1694 1196 1744 Anima,
1217 1694 1321 1735 dicit
1344 1695 1462 1747 quod
1485 1699 1609 1734 actus

76 1764 318 1804 activorum
363 1770 464 1804 sunt
501 1764 542 1803 in
580 1764 793 1816 paciente,
835 1770 877 1804 et
915 1764 1161 1817 disposicio,
1203 1763 1246 1803 id
1289 1769 1367 1811 est,
1411 1762 1609 1803 acciones

76 1833 319 1886 agencium,
343 1839 444 1873 sunt
476 1832 518 1872 in
547 1833 759 1885 paciente,
781 1832 994 1885 disposito
1023 1845 1101 1885 per
1121 1832 1328 1872 virtutem
1360 1832 1542 1885 agentis,
1566 1838 1609 1872 et

77 1901 177 1941 ideo
200 1914 298 1941 cum
318 1906 464 1941 motus
485 1901 540 1942 sit
555 1901 885 1942 fundamentum
909 1901 1097 1941 accionis
1121 1907 1165 1941 et
1187 1900 1413 1953 passionis,
1435 1905 1610 1952 oportet

19 1991 32 2011 2
77 1969 194 2022 quod
218 1969 274 2010 sit
296 1969 338 2009 in
362 1969 572 2022 paciente.
637 1969 774 2010 Accio
797 1971 925 2021 enim,
948 1969 1187 2010 secundum
1220 1968 1523 2018 Aristotelem,
1546 1974 1611 2009 est

77 2038 132 2078 ab
164 2044 333 2091 agente,
366 2039 442 2078 sed
474 2051 561 2078 non
594 2044 657 2078 est
694 2038 735 2077 in
770 2052 834 2087 eo,
863 2044 928 2078 set
963 2039 1018 2078 ab
1053 2051 1105 2078 eo
1143 2038 1184 2077 in
1216 2037 1407 2090 paciens,
1438 2043 1481 2077 et
1511 2037 1609 2078 ideo

77 2105 276 2146 similiter
309 2107 450 2146 mocio
477 2104 545 2146 vel
578 2112 722 2146 motus
745 2112 810 2146 est
847 2120 872 2146 a
905 2112 1109 2147 movente
1142 2106 1184 2145 in
1214 2111 1346 2155 moto,
1381 2111 1423 2145 et
1453 2118 1540 2145 non
1566 2106 1608 2145 in

80 2180 293 2214 movente.
357 2175 691 2215 Demonstracio
713 2187 816 2215 vero
850 2174 1103 2216 Aristotelis
1137 2181 1201 2215 est
1231 2175 1286 2215 ad
1315 2174 1410 2224 hoc,
1434 2175 1552 2227 quod
1574 2175 1607 2214 si

79 2248 224 2283 motus
246 2248 360 2283 esset
383 2243 426 2282 in
448 2248 620 2295 agente,
640 2256 744 2296 ergo
767 2256 895 2283 omne
917 2256 1050 2296 agens
1072 2249 1329 2292 moveretur,
1349 2249 1415 2284 set
1437 2248 1609 2284 constat

78 2311 266 2365 primum
297 2324 432 2365 agens
473 2325 567 2352 esse
599 2311 817 2353 inmobile.
880 2311 956 2353 Set
998 2312 1034 2352 si
1070 2311 1283 2353 obiciatur
1317 2312 1435 2365 quod
1478 2325 1611 2365 agens

78 2380 385 2420 denominatur
429 2381 485 2421 ab
519 2380 707 2430 accione,
740 2381 849 2421 sicut
885 2380 1034 2421 album
1075 2382 1131 2422 ab
1165 2379 1390 2435 albe1dine‚
1434 2388 1612 2434 propter

78 2449 195 2501 quod
227 2448 399 2489 videtur
431 2450 550 2501 quod
585 2450 703 2490 accio
729 2449 784 2489 sit
816 2449 857 2488 in
899 2455 1058 2501 agente
1090 2449 1200 2490 sicut
1232 2449 1391 2490 albedo
1423 2448 1466 2488 in
1498 2449 1615 2498 albo,

123 2591 167 2612 20
190 2582 447 2623 Phjsieorum]
462 2582 508 2614 iii.
529 2593 579 2622 19.
802 2593 837 2612 ΩΙ
867 2585 922 2614 De
938 2583 1093 2623 Anima]
1111 2583 1145 2614 ii.
1167 2592 1237 2622 139.

123 2711 143 2740 3
159 2702 398 2742 quantitatem]
410 2702 642 2741 quantitateF
788 2712 825 2731 12
837 2707 888 2742 pr.
907 2702 1013 2742 quod]
1029 2702 1106 2741 quia
1124 2701 1156 2731 F
1284 2711 1322 2740 14
1347 2701 1445 2742 sunt]
1464 2702 1530 2732 sint
1546 2702 1609 2732 FJ)

84 2755 187 2792 16—17
212 2757 302 2783 motu
320 2776 327 2783 .
348 2777 355 2784 .
372 2777 379 2784 .
398 2753 560 2792 passione
583 2764 649 2785 om.
667 2753 702 2783 D
876 2763 984 2793 22-23
1010 2753 1193 2792 disposicio
1212 2776 1218 2783 .
1237 2775 1245 2784 .
1266 2776 1273 2783 .
1294 2753 1462 2792 paciente,
1479 2763 1545 2785 om.
1572 2752 1614 2783 M

80 2814 123 2843 30
147 2803 306 2844 primum]
324 2804 433 2843 primo
449 2804 483 2834 F
611 2814 651 2843 32
677 2804 831 2845 videtur]
849 2805 1022 2835 videretur
1038 2804 1099 2834 FD

1631 479 1670 509 40
1687 470 1706 501 b
1726 479 1752 500 I.

1630 2394 1755 2432 40b2.
