1877 3131
110 575 231 606 5321.

981 106 1059 146 186

254 234 366 262 unus
382 228 447 262 est
466 233 552 261 una
569 220 819 274 superficies
842 226 885 261 et
902 233 1038 260 unum
1057 219 1260 260 ultimum
1279 220 1405 260 unius
1428 219 1689 260 continentis
1703 218 1783 258 im-

255 290 447 340 mediati,
473 295 518 331 et
543 289 624 330 loci
654 288 800 342 plures
832 295 933 329 sunt
960 288 1103 341 plures
1130 287 1377 341 superficies
1407 294 1451 329 et
1477 287 1603 341 plura
1626 287 1782 328 ultima

254 359 443 412 plurium
466 358 800 399 continencium.
862 357 922 397 Et
948 357 1008 398 sic
1029 356 1144 398 racio
1170 356 1254 396 loci
1281 369 1368 397 non
1395 356 1599 405 salvatur,
1626 355 1707 395 nisi
1741 355 1785 396 in

254 428 510 481 corporibus
531 427 656 467 unius
673 425 914 479 superficiei
934 425 1064 467 locati
1082 431 1125 466 et
1143 424 1342 474 locantis‚
1359 424 1401 466 id
1425 430 1504 474 est,
1524 425 1566 464 in
1585 424 1786 465 rotundis

253 496 432 536 omnino
459 501 502 536 et
532 495 737 547 undique,
759 494 871 535 sicut
900 500 967 535 est
999 494 1055 534 de
1080 492 1169 546 pila
1198 500 1240 534 et
1264 499 1359 534 tota
1385 499 1500 534 terra
1531 498 1574 533 et
1597 492 1690 534 celo
1714 499 1757 534 et
1778 493 1782 546 Ι

253 565 382 618 hujus
413 564 611 618 partibus
641 563 792 604 mundi
821 561 1145 616 principalibus.
1208 561 1355 602 Aliter
1381 562 1577 614 sumitur,
1600 561 1720 602 locus
1741 561 1784 601 in

254 633 508 686 corporibus
530 631 718 685 plurium
742 630 1082 685 superficierum,
1105 631 1178 671 ubi
1201 645 1277 684 per
1298 644 1568 684 consequens
1594 643 1680 670 non
1704 629 1786 671 erit

254 703 395 742 unitas
411 701 506 750 loci,
523 701 698 753 penitus
716 714 768 740 eo
784 700 901 753 quod
917 699 1059 740 unitas
1076 699 1398 752 superficierum
1416 712 1504 739 non
1523 698 1731 747 salvatur,
1748 698 1782 739 si

254 770 367 810 enim
405 769 527 809 locus
563 774 629 808 est
665 767 928 820 superficies,
957 779 1060 808 tunc
1093 767 1237 820 plures
1268 767 1518 820 superficies
1552 767 1609 807 rei
1643 767 1785 808 locate

255 837 495 891 impedient
530 850 678 878 veram
713 825 928 877 unitatem
966 836 1061 887 loci,
1094 837 1196 889 quia
1237 843 1385 877 tamen
1416 837 1498 876 hee
1534 835 1784 889 superficies

253 906 562 946 continuantur
595 905 849 954 adinvicem,
872 912 920 945 ut
952 904 1115 946 faciant
1146 904 1420 958 superficiem
1453 905 1784 958 quodammodo

254 988 398 1025 unam,
434 973 534 1015 licet
572 987 659 1015 non
695 974 738 1014 in
772 974 1007 1026 potissimo
1041 987 1136 1015 esse
1159 974 1351 1025 unitatis,
1378 974 1489 1025 ideo,
1522 973 1665 1014 adhuc
1697 979 1785 1014 stat

254 1043 396 1084 unitas
417 1043 499 1084 loci
529 1043 769 1084 secundum
798 1043 1013 1083 unitatem
1044 1042 1298 1096 superficiei.
1362 1042 1522 1084 Deficit
1542 1050 1692 1084 tamen
1713 1042 1783 1082 hic

255 1113 412 1153 modus
443 1111 526 1152 loci
558 1126 582 1152 a
605 1111 827 1164 completa
859 1112 1027 1152 unitate
1050 1118 1092 1152 et
1125 1113 1309 1153 veritate
1341 1112 1425 1153 loci
1459 1112 1601 1165 primo
1634 1112 1783 1152 modo.

253 1181 411 1222 Tercio
463 1182 609 1229 modo,
652 1181 812 1222 dicitur
863 1181 983 1222 locus
1035 1194 1120 1221 non
1174 1194 1260 1222 una
1310 1194 1492 1221 numero
1535 1180 1783 1233 superficies
1824 1197 1835 1228 ,ε

252 1250 459 1290 continue
480 1250 847 1298 circumscribens,
869 1257 934 1290 set
957 1250 1207 1302 superficies
1237 1263 1323 1290 una
1349 1249 1492 1303 specie
1520 1249 1588 1289 vel
1611 1262 1781 1302 genere,

253 1319 492 1359 secundum
516 1319 634 1371 quod
657 1318 787 1359 turris
815 1318 1053 1359 immobilis
1079 1319 1320 1359 secundum
1344 1318 1502 1368 locum,
1523 1317 1592 1358 vel
1615 1317 1781 1371 aliquid

252 1387 383 1436 aliud,
420 1400 534 1427 nunc
568 1387 861 1427 circumdatur
894 1401 1006 1437 aere,
1042 1400 1155 1427 nunc
1192 1401 1318 1440 aqua,
1357 1400 1470 1426 nunc
1503 1399 1681 1440 vapore,
1712 1386 1783 1427 vel

253 1455 434 1495 diversis
476 1455 674 1508 partibus
712 1455 821 1495 aeris
857 1455 1271 1495 circumvolantibus
1309 1469 1386 1508 per
1428 1455 1607 1495 modum
1647 1454 1781 1496 venti.

252 1523 476 1576 Quoniam
509 1537 608 1564 cum
641 1529 707 1564 est
738 1522 972 1564 immobilis
1007 1524 1244 1564 secundum
1272 1523 1431 1572 locum,
1453 1529 1628 1576 oportet
1658 1524 1778 1576 quod

251 1592 412 1633 habeat
438 1605 571 1632 unum
602 1599 644 1632 et
679 1592 864 1632 eundem
900 1591 1043 1633 locum
1076 1606 1188 1633 nunc
1225 1598 1267 1632 et
1301 1593 1431 1645 prius,
1465 1592 1500 1632 si
1534 1592 1650 1632 enim
1688 1606 1781 1632 mu-

252 1667 365 1701 taret
397 1660 555 1708 locum,
588 1666 786 1700 movetur
817 1661 1056 1701 secundum
1094 1660 1249 1709 locum,
1284 1674 1381 1701 cum
1415 1667 1564 1700 tamen
1597 1660 1783 1713 quiescit

252 1729 492 1770 secundum
515 1729 672 1779 locum,
692 1735 740 1770 ut
762 1729 953 1781 positum
977 1735 1053 1770 est.
1119 1729 1291 1782 Quarto
1317 1729 1450 1770 modo
1474 1729 1613 1782 magis
1637 1728 1780 1769 adhuc

251 1798 457 1851 elongato
482 1812 506 1838 a
535 1797 619 1838 loci
652 1811 758 1844 esse,
781 1797 1008 1850 potissimo
1038 1798 1196 1839 dicitur
1222 1798 1356 1846 locus,
1381 1799 1573 1850 quando,
1601 1798 1782 1847 scilicet,

251 1866 378 1907 simul
402 1873 445 1907 et
468 1866 601 1907 semel
624 1873 773 1919 partes
794 1866 925 1907 locati
955 1867 1229 1907 continentur
1251 1866 1562 1919 superficiebus
1584 1866 1781 1919 pluribus
1824 1893 1831 1910 ι

251 1941 350 1975 actu
373 1935 601 1984 distinctis,
626 1941 673 1975 ut
699 1948 797 1975 cum
822 1934 967 1987 figitur
987 1935 1107 1987 virga
1137 1935 1179 1975 in
1202 1941 1315 1975 terra
1342 1936 1383 1975 in
1411 1934 1630 1988 profundo
1656 1948 1780 1988 aque,

251 2003 372 2056 cujus
394 2017 492 2055 pars
515 2004 644 2044 tercia
666 2003 721 2043 sit
752 2004 794 2042 in
817 2010 941 2052 terra,
966 2009 1009 2043 et
1024 2003 1110 2044 alia
1132 2004 1264 2045 tercia
1287 2004 1341 2044 sit
1364 2003 1407 2043 in
1434 2017 1558 2056 aqua,
1582 2009 1626 2044 et
1647 2003 1782 2044 tercia

250 2071 307 2111 sit
339 2071 381 2112 in
414 2084 526 2112 aere.
600 2071 714 2112 Sunt
749 2085 852 2125 ergo
885 2078 971 2111 tres
1002 2071 1253 2125 superficies
1288 2072 1420 2113 trium
1453 2085 1685 2124 corporum
1718 2071 1782 2111 lo-

251 2139 450 2180 cancium
481 2145 580 2180 actu
613 2139 760 2189 divise,
793 2146 834 2180 et
867 2145 1016 2180 tamen
1046 2153 1157 2181 unus
1183 2146 1250 2181 est
1276 2140 1408 2191 locus,
1438 2139 1541 2193 quia
1563 2139 1684 2192 virga
1716 2146 1781 2179 est

253 2207 488 2248 immobilis
532 2208 771 2248 secundum
810 2208 966 2248 locum.
1030 2208 1199 2261 Quinto
1249 2209 1381 2249 modo
1425 2207 1619 2248 maxime
1661 2208 1781 2260 equi-

253 2282 431 2316 vocatur
467 2276 597 2325 locus,
637 2275 814 2325 scilicet,
850 2277 1029 2329 quando
1063 2290 1149 2317 non
1180 2276 1313 2317 habet
1354 2275 1543 2328 aliquam
1580 2280 1782 2315 naturam

253 2343 506 2397 superficiei,
529 2350 594 2384 set
620 2350 792 2384 tantum
817 2350 1060 2397 respectum
1083 2345 1138 2385 acl
1157 2344 1289 2395 aliud,
1308 2351 1354 2385 ut
1372 2343 1493 2384 locus
1522 2341 1600 2383 celi
1624 2343 1778 2384 ultimi.

254 2411 489 2452 Moventur
520 2412 636 2453 enim
668 2419 815 2466 partes
847 2414 939 2466 ejus
971 2414 1211 2453 secundum
1245 2413 1400 2463 locum,
1423 2425 1537 2452 nunc
1568 2411 1684 2451 enim
1717 2418 1783 2452 est

254 2492 337 2520 una
370 2494 469 2533 pars
502 2481 542 2519 in
575 2481 750 2529 oriente,
783 2481 866 2520 alia
899 2482 940 2520 in
975 2482 1167 2530 meridie,
1206 2481 1337 2521 tercia
1375 2481 1418 2520 in
1451 2479 1706 2529 occidente;
1739 2486 1783 2519 et
1834 2516 1841 2527 ,¹

296 2618 315 2644 4
341 2607 509 2647 rotundis]
540 2608 754 2638 rotundentis
781 2608 815 2637 D
976 2619 994 2647 5
1019 2608 1108 2648 celo]
1137 2609 1219 2639 celis
1243 2608 1276 2638 l*
1433 2618 1449 2646 7
1474 2607 1558 2648 non]
1587 2607 1726 2638 omnino
1755 2606 1788 2637 F

250 2669 271 2695 9
296 2664 374 2688 tunc
399 2683 405 2689 .
432 2683 439 2690 .
466 2682 473 2689 .
501 2658 550 2689 rei
576 2670 640 2689 om.
668 2658 701 2687 F
844 2670 879 2697 17
905 2661 997 2699 quod
1024 2670 1089 2690 om.
1121 2659 1156 2689 D
1303 2670 1345 2689 20
1369 2659 1556 2698 Quoniam]
1587 2658 1721 2689 Deinde
1747 2657 1782 2687 D
1838 2655 1840 2689 l

252 2708 343 2747 cum]
371 2714 482 2740 tamen
508 2709 572 2740 FD
750 2720 790 2738 22
817 2711 987 2751 movetur]
1014 2715 1210 2741 moveretur
1236 2710 1300 2740 FD
1475 2712 1518 2740 26
1541 2719 1628 2748 aque
1654 2719 1720 2739 om.
1747 2707 1782 2738 D

254 2769 295 2797 30
319 2760 513 2801 immobilis]
531 2761 563 2790 in
583 2760 695 2791 mobili
715 2760 746 2789 F
874 2772 915 2800 32
940 2763 1083 2803 tantum]
1102 2767 1259 2801 punctum
1279 2761 1311 2791 F

1805 512 1822 543 ⁵
1860 484 1864 554 l

1862 592 1863 616 l

1806 854 1861 880 Ic:

1837 2705 1839 2746 l

1835 2870 1838 2886 ι

1834 2891 1837 2912 1

1831 2913 1877 3131 l..
