1877 3131
821 147 895 183 141

153 244 263 285 Dico
286 244 430 297 igitur,
454 246 571 298 quod
597 251 742 286 motus
759 250 824 285 est
847 246 1005 297 passio,
1027 247 1127 298 quia
1150 260 1236 287 non
1259 254 1324 288 est
1347 254 1449 288 nata
1470 262 1527 289 ex
1550 262 1627 289 sua

94 313 360 365 proprietate
382 314 550 362 durare,
572 313 780 367 quoniam
801 314 1060 354 adveniente
1078 316 1267 356 secunda
1290 322 1414 367 parte
1437 330 1626 357 corrum-

93 380 210 433 pitur
240 381 391 435 prima,
413 388 455 422 et
488 381 569 422 hoc
601 395 657 422 ex
686 395 764 422 sua
793 388 948 422 natura
979 395 1064 422 non
1097 382 1281 423 aliunde.
1346 384 1439 423 Nec
1479 384 1627 425 obstat

93 449 210 500 quod
244 456 389 490 motus
422 450 550 490 durat
581 450 668 500 diu,
691 456 739 490 ut
774 456 920 491 motus
954 451 1047 498 celi,
1069 451 1276 504 quoniam
1302 453 1343 491 in
1376 459 1529 492 natura
1551 466 1628 493 sua

56 538 72 567 5
92 517 294 557 continue
316 518 607 571 corrumpitur
622 525 665 559 et
688 518 846 568 deficit,
863 518 962 559 licet
985 519 1068 559 alie
1083 526 1230 572 partes
1252 520 1344 573 ejus
1368 527 1630 561 renoventur

92 586 307 627 continue.
371 585 449 627 Set
472 593 515 627 et
539 586 609 626 ille
640 586 848 628 deficiunt
873 593 917 627 et
939 600 1048 628 nove
1071 587 1180 627 fiunt
1204 601 1288 628 non
1313 589 1540 637 manende‚
1563 595 1628 629 set

92 654 240 694 statim
272 655 601 708 corrumpende.
666 656 759 697 Nec
791 662 939 696 tamen
968 662 1148 709 propter
1176 657 1273 707 hoc,
1302 659 1420 710 quod
1451 657 1628 697 adveni-

93 728 192 763 ente
216 723 405 764 secunda
436 730 559 776 parte
589 723 800 776 temporis
834 724 1132 777 corrumpitur
1159 725 1312 777 prima,
1338 726 1419 765 erit
1453 731 1628 778 tempus

92 791 251 844 passio,
274 798 339 832 set
361 793 594 845 quantitas.
659 794 753 833 Nec
777 798 921 833 motus
944 799 1009 833 est
1033 794 1254 846 quantitas
1276 800 1456 847 propter
1478 794 1627 834 simili-

34 877 72 899 ω
91 860 288 900 tudinem
317 861 530 914 temporis
556 863 764 914 quoniam
796 862 1024 914 quantitas
1053 862 1209 902 dicitur
1241 862 1363 914 cujus
1397 863 1625 916 proprium

91 936 168 978 est,
189 936 236 969 ut
258 930 499 970 secundum
524 944 621 970 eam
651 931 823 971 dicatur
845 929 1009 982 aliquid
1034 930 1187 982 equale
1218 930 1287 971 vel
1317 930 1518 984 inequale
1539 931 1625 981 alii,

92 1004 135 1038 et
153 1004 328 1051 tempus
350 1005 415 1038 est
436 998 684 1051 hujusmodi
708 1006 750 1039 et
773 1012 861 1039 non
886 1006 1045 1050 motuS,
1067 1012 1168 1039 nam
1191 1000 1431 1040 secundum
1454 1005 1626 1053 tempus

93 1066 296 1107 dicuntur
333 1073 478 1107 motus
519 1067 694 1120 equales
734 1067 801 1108 vel
846 1067 1082 1119 inequales,
1124 1074 1168 1108 et
1210 1081 1296 1108 non
1339 1082 1361 1108 e
1403 1081 1627 1109 converso.

94 1136 220 1186 Item,
243 1136 465 1188 quantitas
487 1137 694 1176 continua
725 1142 802 1184 est,
825 1135 947 1189 cujus
977 1143 1121 1189 partes
1151 1137 1411 1190 copulantur
1432 1138 1487 1178 ad
1510 1151 1628 1178 com-

34 1219 69 1250 15
94 1217 269 1244 munem
312 1204 562 1254 terminum,
605 1210 651 1245 ut
693 1211 841 1258 partes
883 1206 991 1246 linee
1032 1206 1087 1245 ad
1135 1211 1358 1258 punctum,
1400 1212 1443 1246 et
1480 1212 1625 1259 partes

91 1273 301 1326 temporis
326 1274 382 1314 ad
403 1273 579 1323 instans,
610 1273 615 1328 Ι
642 1280 708 1314 set
731 1287 817 1315 non
840 1280 905 1314 est
927 1274 1009 1315 hoc
1032 1288 1108 1327 per
1129 1287 1175 1314 se
1197 1281 1240 1314 et
1262 1275 1403 1327 primo
1425 1275 1467 1315 in
1491 1281 1624 1326 motu,
1646 1279 1681 1311 F.
1702 1279 1742 1320 96
1759 1291 1777 1311 a
1797 1290 1824 1311 1.

92 1342 202 1382 sicut
239 1355 317 1383 nec
343 1342 385 1381 in
416 1343 676 1391 substancia,
708 1342 809 1383 licet
842 1343 1063 1395 quantitas
1090 1349 1134 1383 et
1158 1344 1407 1384 substancia
1435 1344 1625 1384 habeant

95 1409 347 1463 hujusmodi
379 1417 527 1463 partes
557 1411 797 1464 copulatas.
862 1411 1083 1461 Essencia‚
1121 1412 1262 1465 igitur,
1300 1418 1445 1452 motus
1478 1413 1625 1465 passio

92 1485 167 1528 est,
190 1486 233 1519 et
256 1492 343 1520 non
366 1484 431 1520 est
453 1480 677 1532 quantitas
709 1485 774 1520 set
797 1485 973 1531 quanta,
997 1480 1107 1520 sicut
1131 1480 1392 1520 substancia.
1456 1479 1533 1521 Set
1555 1480 1625 1522 hic

33 1561 72 1583 20
89 1552 189 1588 sunt
216 1547 515 1589 dubitaciones
544 1549 742 1601 grandes,
767 1549 909 1601 primo
936 1546 940 1602 Ι
970 1548 1073 1601 quia
1094 1549 1211 1601 quod
1235 1548 1498 1590 Aristoteles
1520 1549 1624 1590 dicit
1646 1559 1685 1591 39
1703 1552 1722 1582 b
1742 1560 1768 1582 1-

91 1616 244 1669 quinto
265 1616 576 1670 Methaplzz'sice
597 1618 714 1671 quod
746 1624 892 1658 motus
915 1624 980 1657 est
1007 1618 1230 1670 quantitas
1257 1632 1335 1671 per
1356 1632 1414 1668 se,
1437 1618 1624 1659 multum

90 1685 264 1726 turbare
287 1691 435 1739 potest
458 1685 631 1726 multos.
685 1684 763 1726 Set
778 1685 1142 1726 considerandum
1158 1692 1223 1726 est
1246 1686 1478 1739 diligenter
1492 1688 1625 1740 quod,

91 1754 202 1794 sicut
243 1754 336 1795 vult
377 1755 419 1794 in
458 1754 818 1804 predicamentis,
862 1760 1007 1795 motus
1043 1768 1129 1795 non
1163 1761 1228 1795 est
1271 1756 1505 1807 quantitas,
1548 1757 1624 1796 sed

92 1829 292 1875 quantus.
355 1823 415 1864 Et
440 1837 584 1864 sermo
616 1823 708 1876 ejus
743 1824 786 1863 in
816 1823 973 1876 quinto
996 1836 1081 1864 non
1110 1830 1175 1863 est
1197 1824 1253 1863 ad
1276 1823 1443 1864 literam
1469 1824 1624 1866 intelli-

35 1905 72 1935 25
92 1892 271 1945 gendus,
312 1893 520 1945 quoniam
562 1893 620 1932 ibi
663 1892 763 1932 dicit
805 1892 922 1945 quod
965 1898 1137 1945 tempus
1178 1897 1244 1932 est
1286 1893 1507 1944 quantitas
1548 1907 1626 1947 per

92 1960 306 2011 accidens,
328 1967 371 2001 et
394 1968 540 2002 motus
563 1975 638 2014 per
659 1974 714 2001 se.
778 1960 1061 2000 Manifestum
1084 1966 1148 2000 est
1171 1960 1285 2000 enim
1312 1962 1430 2013 quod
1453 1968 1625 2015 tempus

93 2037 157 2071 est
178 2044 281 2070 vera
301 2030 465 2082 species
488 2030 758 2083 quantitatis,
780 2037 823 2071 et
845 2030 943 2070 ideo
967 2035 1033 2070 est
1056 2030 1279 2081 quantitas
1301 2043 1379 2083 per
1400 2043 1459 2070 se.

151 2098 230 2138 Set
261 2097 495 2138 dicendum
522 2105 596 2148 est,
629 2099 746 2150 quod
779 2098 1043 2138 Aristoteles
1075 2098 1116 2136 in
1140 2098 1296 2150 quinto
1316 2098 1628 2152 Alethaplcisz‘ce

93 2165 284 2218 loquitur
324 2166 380 2206 de
420 2167 667 2219 quantitate
709 2172 752 2207 et
798 2172 966 2219 quanto
1013 2167 1151 2218 magis
1191 2167 1431 2207 secundum
1471 2169 1625 2208 modos

34 2253 74 2283 30
95 2233 285 2275 famosos
311 2241 354 2275 et
379 2248 515 2283 veros,
540 2248 672 2287 quam
704 2248 780 2288 per
802 2234 1147 2286 assignacionem
1177 2235 1418 2287 specierum
1451 2236 1624 2288 quanti—

93 2302 207 2352 tatis,
229 2303 347 2355 quod
373 2303 650 2343 manifestum
679 2310 742 2344 est
774 2317 831 2344 ex
854 2303 1122 2356 proprietate
1151 2303 1262 2343 illius
1286 2303 1397 2351 libri,
1419 2304 1623 2356 quoniam

93 2371 322 2424 distinguit
361 2371 575 2412 vocabula
616 2371 784 2412 famosa
825 2372 1026 2412 omnibus
1066 2371 1261 2412 scienciis
1297 2372 1546 2412 communia
1583 2378 1625 2413 et

93 2440 231 2489 rebus,
253 2440 354 2492 quia
368 2439 441 2479 illa
463 2440 648 2480 sciencia
665 2446 729 2480 est
751 2440 994 2480 communis
1011 2439 1225 2480 omnibus.
1282 2439 1341 2479 Et
1363 2446 1483 2493 patet
1506 2441 1623 2493 quod

94 2508 232 2549 multa
252 2508 466 2549 vocabula
489 2509 546 2548 ibi
580 2508 825 2561 distinguit,
849 2522 934 2561 que
955 2521 1041 2548 non
1065 2514 1166 2548 sunt
1188 2508 1516 2560 generalissima
1546 2521 1625 2550 nec

137 2645 175 2665 21
203 2635 498 2676 Methaphisiee]
516 2646 547 2667 v.
569 2646 616 2676 13,
641 2637 697 2675 18;
722 2636 764 2666 vi.
782 2646 812 2676 5,
832 2637 853 2666 6
875 2635 918 2676 (3,
939 2636 984 2676 4).

139 2761 158 2781 2
181 2751 355 2793 quoniam]
372 2753 507 2791 quando
524 2752 556 2782 F
681 2763 700 2790 4
726 2751 839 2792 durat]
858 2752 957 2782 duret
973 2751 1006 2782 F
1136 2761 1172 2790 17
1199 2751 1408 2792 substancia]
1431 2751 1623 2783 substancia

95 2803 264 2841 quantitas
281 2803 313 2833 F
394 2808 427 2834 et
443 2803 656 2844 substancia]
674 2804 870 2834 substaneie
886 2803 919 2833 F
1045 2813 1085 2841 27
1110 2803 1207 2844 vera]
1226 2813 1293 2833 una
1309 2803 1344 2833 D
