1898 3126
98 1688 221 1728 64a1.

19 2300 56 2330 F.
79 2308 137 2338 105
158 2300 178 2330 b
198 2310 223 2329 2.

972 133 1052 162 222

243 238 388 279 rarefit
420 251 499 277 nec
532 237 785 278 extenditur
815 236 857 275 in
891 235 1044 288 majus,
1070 234 1267 286 sequitur
1295 233 1507 281 tabulam,
1537 240 1580 274 et
1613 245 1699 274 non
1730 245 1777 274 se

242 307 444 348 extendit
468 312 594 346 extra
616 304 890 358 superficiem
912 303 1074 354 tabule,
1098 303 1165 344 cui
1195 302 1403 351 adheret3
1438 315 1557 356 ergo,
1578 301 1777 343 similiter

243 381 308 416 est
339 375 394 415 de
427 387 540 422 aere,
571 380 613 414 et
647 373 798 426 magis,
828 373 930 425 quia
959 372 1162 413 subtilior
1193 377 1272 420 est,
1298 377 1340 411 et
1370 371 1468 411 ideo
1500 369 1702 411 subtilius
1735 376 1778 410 et

242 444 438 484 intimius
469 443 651 484 adheret
683 441 843 482 tabule.
909 441 1038 491 Item,
1061 440 1166 492 quid
1199 446 1266 480 est
1299 452 1430 480 causa
1463 438 1777 488 rarefaccionis‚

242 512 343 565 quia
375 512 456 552 hoc
488 525 572 551 non
605 516 753 564 potest
786 509 972 561 intelligi
1005 508 1084 548 nisi
1123 508 1294 548 duobus
1333 507 1489 554 modis,
1520 520 1608 547 uno
1646 507 1778 548 modo

242 580 362 634 quod
385 594 458 621 aer
482 579 644 620 multus
668 579 747 618 fuit
779 577 1058 618 conculcatus
1080 583 1124 616 et
1148 589 1424 629 compressus
1453 576 1563 616 inter
1593 575 1778 625 tabulas,

242 650 310 690 vel
352 648 452 689 licet
486 648 541 688 sit
584 660 744 701 parvus
784 645 929 686 rarefit
972 651 1121 686 tamen
1165 644 1539 686 transmutacione
1581 643 1778 694 naturali,

243 724 420 771 propter
451 716 832 757 continuacionem
865 726 1096 766 corporum
1129 713 1406 754 naturalium.
1469 713 1665 753 Primum
1693 713 1778 753 dici

243 799 329 826 non
362 792 518 838 potest,
551 785 653 837 quia
680 784 722 823 in
757 782 1075 836 conjunccione
1103 782 1365 832 tabularum,
1387 783 1531 836 patuit
1558 782 1645 822 aeri
1671 780 1779 821 liber

242 856 388 895 exitus
424 854 630 906 undique,
663 866 781 905 ergo,
814 851 1198 910 nondetinebitur
1231 851 1289 890 ibi
1324 851 1434 892 inter
1464 850 1636 891 tabulas
1667 857 1712 891 et
1743 850 1777 890 si

242 930 390 964 tantus
412 929 536 972 esset,
551 922 670 974 quod
687 920 853 974 replere
873 926 1023 973 posset
1040 920 1186 960 locum
1207 920 1317 960 inter
1334 919 1508 960 tabulas
1527 920 1778 973 disjunctaS‚

243 999 345 1033 tunc
367 990 619 1043 prohiberet
643 1002 790 1030 earum
813 1002 961 1029 veram
992 988 1351 1041 conjunccionem
1376 989 1615 1029 secundum
1638 1001 1777 1040 quan-

243 1061 415 1101 titatem
461 1058 752 1112 spissitudinis
797 1058 861 1098 sui
906 1058 1123 1110 corporisz
1167 1064 1234 1099 set
1273 1071 1376 1098 vera
1418 1064 1483 1098 est
1524 1057 1778 1110 conjunccio

241 1128 492 1170 tabularum
536 1128 740 1180 undique,
783 1140 902 1179 ergo,
936 1139 1023 1166 non
1058 1132 1204 1180 potest
1240 1140 1313 1167 aer
1349 1126 1619 1167 condensari.
1684 1125 1777 1167 Nec

241 1204 387 1251 potest
409 1197 492 1237 dici
510 1197 629 1250 quod
653 1195 823 1236 rarefiet
840 1209 913 1236 aer
930 1208 1005 1248 per
1029 1195 1271 1235 naturalem
1294 1195 1616 1248 operacionern,
1634 1198 1683 1234 ut
1700 1193 1777 1234 fiat

240 1266 443 1307 subtilior
465 1272 508 1306 et
532 1265 710 1318 majoris
733 1264 1032 1317 expansionis,
1055 1265 1294 1304 secundum
1318 1264 1438 1316 quod
1465 1263 1613 1304 tabule
1636 1263 1777 1315 magis

241 1342 283 1375 et
327 1335 467 1388 magis
504 1334 822 1386 disjungantur,
865 1333 968 1385 quia
1015 1338 1172 1373 natura
1216 1332 1486 1385 particularis
1529 1332 1636 1372 aeris
1688 1344 1778 1371 non

240 1404 400 1444 faceret
433 1403 526 1452 hoc,
559 1415 658 1442 cum
697 1402 753 1441 sit
788 1408 943 1442 contra
977 1400 1069 1453 ejus
1107 1401 1472 1450 inclinacionem;
1509 1413 1588 1441 nec
1624 1406 1778 1440 natura

243 1471 501 1512 universalis
522 1471 604 1511 hoc
627 1483 879 1522 presumere
903 1469 1048 1520 debet,
1066 1483 1164 1510 cum
1188 1470 1270 1510 hoc
1294 1469 1385 1510 fieri
1409 1483 1496 1510 non
1519 1475 1676 1522 potest,
1696 1469 1776 1508 nisi

246 1554 323 1594 per
349 1540 699 1580 destruccionem
724 1539 847 1588 aeris,
869 1545 912 1579 et
935 1539 1261 1579 conversionem
1288 1538 1380 1591 ejus
1403 1539 1445 1578 in
1467 1539 1626 1592 ignem,
1649 1539 1682 1577 si
1706 1551 1779 1578 aer

244 1609 316 1649 ille
346 1608 473 1648 fuerit
502 1622 662 1661 purusg
695 1613 770 1647 aut
791 1607 825 1648 si
849 1606 925 1647 fiat
951 1620 1189 1660 vaporosus
1219 1607 1300 1647 erit
1332 1607 1576 1647 destruccio
1604 1607 1778 1659 vaporis

246 1685 289 1718 et
313 1678 538 1718 conversio
561 1676 654 1729 ejus
676 1676 717 1715 in
742 1689 897 1716 aerem.
963 1675 1022 1715 Et
1045 1675 1144 1716 ideo
1172 1674 1176 1729 Ι
1206 1674 1328 1715 fieret
1350 1675 1575 1728 corrupcio
1598 1675 1778 1727 alicujus

245 1747 439 1799 corporis
462 1745 686 1794 naturalis,
705 1751 749 1784 et
771 1743 1070 1791 annichilacio‚
1094 1750 1160 1784 set
1188 1744 1328 1797 magis
1350 1744 1508 1784 leditur
1529 1744 1776 1784 universum

244 1814 289 1853 in
327 1814 627 1855 destruccione
668 1813 848 1866 alicujus
884 1813 1093 1864 corporis,
1127 1826 1259 1864 quam
1295 1813 1337 1852 in
1376 1813 1779 1853 discontinuacione

244 1895 508 1935 corporum3
542 1895 658 1935 ergo,
693 1888 849 1922 natura
883 1880 1150 1928 universalis,
1185 1895 1272 1933 que
1313 1887 1377 1922 est
1421 1881 1557 1921 virtus
1598 1881 1779 1935 regitiva

246 1951 445 2001 universi,
463 1964 686 2003 nunquam
709 1955 936 2002 corumpet
958 1963 1116 2002 corpus
1137 1956 1317 2003 propter
1333 1949 1583 2003 hujusmodi
1605 1951 1775 1990 discon-

246 2020 541 2060 tinuacionem
575 2032 818 2071 corporum,
844 2032 945 2058 nam
978 2032 1202 2070 nunquam
1233 2019 1408 2059 inducet
1437 2018 1579 2070 majus
1611 2019 1775 2059 malum

245 2094 426 2140 propter
467 2088 609 2127 minus
650 2088 892 2128 vitandum.
956 2087 1083 2135 Item,
1127 2093 1278 2127 contra
1324 2093 1558 2140 utrumque
1595 2087 1776 2127 modum

244 2162 391 2209 potest
410 2156 523 2196 obici
542 2157 601 2197 sic
620 2172 627 2196 :
649 2156 684 2196 si
700 2155 851 2196 tabula
875 2169 958 2196 una
981 2155 1275 2209 applicaretur
1295 2168 1421 2208 aque,
1435 2155 1504 2196 vel
1527 2155 1777 2207 superficies

1800 864 1838 885 10

1799 1551 1837 1572 20

1798 1894 1836 1926 2Ξ)

245 2224 354 2264 aeris
376 2224 667 2277 applicaretur
694 2237 832 2278 aque;
866 2225 899 2263 si
924 2224 1068 2278 igitur,
1092 2224 1251 2264 elevari
1275 2223 1570 2276 intelligamus
1597 2223 1776 2276 superfi-
1795 2234 1836 2266 30

245 2292 354 2333 ciem
382 2291 388 2347 Ι
418 2306 558 2340 unam,
573 2293 704 2333 nichil
727 2299 873 2345 potest
895 2293 954 2333 ibi
976 2293 1090 2346 poni,
1103 2293 1206 2345 quia
1222 2292 1387 2333 nullum
1411 2306 1569 2346 corpus
1591 2292 1775 2332 tercium

245 2367 321 2408 est,
347 2362 541 2401 maxime
564 2363 605 2401 in
629 2368 834 2402 contactu
864 2375 975 2414 aque
999 2367 1041 2401 et
1064 2362 1174 2401 aeris
1196 2374 1205 2410 ;
1234 2374 1354 2413 ergo,
1376 2361 1456 2401 iste
1486 2366 1712 2401 contactus
1733 2367 1776 2401 et

242 2429 431 2481 replecio
473 2429 553 2470 loci
593 2430 633 2469 in
671 2429 954 2482 separacione
994 2443 1080 2469 non
1114 2429 1163 2469 fit
1199 2443 1276 2483 per
1309 2429 1419 2469 hanc
1455 2429 1581 2469 viam.
1647 2429 1776 2478 Item,

289 2539 300 2557 1
328 2529 498 2570 sequitur]
517 2534 569 2560 set
586 2530 741 2569 sequitur
757 2529 821 2559 FD
933 2540 952 2559 2
975 2529 1089 2570 extra]
1106 2529 1192 2560 ultra
1209 2529 1243 2559 D
1353 2541 1372 2568 4
1396 2529 1563 2570 intimius]
1582 2528 1725 2559 vicinius
1741 2527 1776 2558 D

240 2579 337 2620 quid]
355 2581 433 2619 quia
452 2580 484 2610 F
591 2592 630 2611 10
653 2585 686 2611 et
703 2580 748 2620 si]
767 2581 846 2611 item
864 2581 892 2611 si
910 2580 974 2610 FD
1087 2591 1122 2611 11
1149 2579 1276 2620 tantus]
1293 2585 1422 2611 tantum
1438 2579 1473 2610 D
1580 2590 1618 2618 14
1644 2578 1775 2619 potest]

241 2635 353 2670 potest
372 2632 416 2661 ibi
434 2632 468 2661 D
669 2642 707 2671 15
730 2632 881 2672 rarefiet]
900 2633 1035 2663 rarefiat
1052 2632 1114 2662 FD
1319 2642 1357 2662 21
1385 2632 1459 2672 fiat]
1477 2632 1537 2662 suit
1553 2632 1599 2662 F:
1626 2631 1725 2662 suerit
1741 2631 1776 2661 D

241 2692 282 2711 22
310 2682 353 2712 Et
370 2683 464 2723 ideo]
484 2683 561 2713 Non
579 2683 610 2712 F
722 2693 763 2712 22
789 2683 902 2723 fieret]
922 2683 981 2714 fiet
996 2684 1040 2714 F:
1068 2694 1131 2714 nec
1148 2684 1183 2713 D
1315 2693 1355 2722 25
1381 2682 1575 2723 corporum]
1594 2692 1620 2713 c.
1639 2687 1775 2713 natura<

241 2733 322 2762 lium
341 2733 375 2762 D
476 2734 633 2774 regitiva]
651 2735 838 2773 vegetativa
856 2734 890 2764 D
1030 2736 1073 2764 26
1097 2734 1463 2775 discontinuacionem]
1480 2734 1774 2765 continuacionem

240 2783 286 2813 F:
312 2784 688 2816 disconveniencionem
709 2785 742 2814 D
872 2795 915 2824 33
940 2785 991 2826 fit]
1008 2786 1052 2816 sit
1068 2786 1099 2816 F
