1898 3126
814 126 893 178 287

99 237 242 278 anima
252 244 364 278 esset
380 238 422 278 in
438 239 640 278 omnibus
657 237 917 288 hominibus,
937 247 1186 290 sequeretur
1201 239 1317 291 quod
1333 240 1484 279 eadem
1502 246 1616 281 esset

100 321 170 347 rea
200 306 296 347 vicii
328 313 372 347 et
402 307 559 347 virtute
586 305 750 359 repleta
783 313 826 346 et
855 307 916 347 ita
948 307 1100 347 eadem
1132 314 1246 347 esset
1278 308 1392 348 bona
1420 314 1463 348 et
1489 307 1616 357 mala,

94 376 212 428 justa
234 382 276 416 et
298 376 469 428 injusta,
491 376 609 428 quod
633 388 726 415 esse
746 389 830 416 non
859 381 1003 428 potest
1032 377 1267 416 secundum
1297 375 1613 430 philosophiam

99 455 238 494 neque
265 443 501 482 secundum
535 440 680 481 fidem.
759 442 884 490 Item,
910 455 1008 482 cum
1043 456 1129 482 non
1162 442 1303 483 solum
1336 442 1483 494 regula
1515 441 1614 482 fidei

62 523 77 551 5
97 517 162 551 set
184 510 457 563 philosophie
480 523 636 563 magna
659 517 866 562 potestaS,
885 518 931 551 ut
947 510 1124 563 probavi
1147 511 1188 550 in
1213 511 1406 563 partibus
1424 510 1617 550 Moralis

97 578 376 632 philosophie,
399 580 554 619 doceat
576 580 693 631 quod
716 579 863 619 virtuti
891 579 1126 620 servientes
1160 580 1353 621 fruentur
1374 580 1463 619 vita
1485 579 1615 620 beata

99 654 141 687 et
178 654 427 700 peccatores
463 648 695 700 punientur
732 661 844 700 pena
881 647 1091 698 infernali,
1126 655 1170 689 et
1210 649 1356 689 anima
1394 649 1435 687 in
1474 654 1615 688 morte

99 716 284 756 hominis
317 722 541 768 separatur
571 717 626 756 ad
658 729 817 769 penam
850 717 917 757 vel
948 717 1003 757 ad
1036 717 1230 771 gloriam,
1259 724 1363 758 tunc
1396 730 1495 756 cum
1527 730 1614 756 non

97 786 240 826 omnis
261 785 395 826 homo
421 786 558 825 bonus
581 792 645 826 est
669 799 745 826 nec
768 786 908 826 omnis
930 786 986 827 sit
1009 786 1161 834 malus,
1186 787 1337 827 eadem
1365 785 1508 826 anima
1536 785 1617 825 erit

44 869 79 890 10
98 854 226 895 simul
259 853 500 908 glorificata
534 861 576 894 et
612 855 862 907 dampnata,
898 855 1015 908 quod
1054 862 1117 895 est
1154 854 1352 895 insanum
1389 860 1431 894 et
1467 861 1617 895 contra

98 937 272 964 omnem
303 923 529 970 racionem,
550 929 594 963 et
622 929 771 963 contra
799 922 944 973 fidem,
966 930 1008 964 et
1038 929 1187 963 contra
1215 922 1549 976 philosophiam,
1573 929 1616 963 et

98 995 158 1034 sic
179 992 360 1032 destruit
383 992 500 1046 leges
524 992 696 1032 moralis
719 992 1008 1045 philosophie.

157 1060 287 1114 Quod
312 1067 456 1101 autem
480 1062 673 1101 destruat
694 1060 811 1113 leges
833 1068 986 1102 nature
1008 1068 1155 1115 potest
1177 1061 1343 1101 ostendi
1366 1060 1439 1101 sic.
1491 1060 1614 1100 Aris-

98 1126 253 1168 toteles
299 1141 375 1180 per
414 1133 553 1167 totam
600 1126 921 1180 philosophiam
965 1127 1209 1168 naturalem
1252 1126 1460 1179 supponit
1496 1127 1613 1178 quod

43 1213 77 1242 ¹5
100 1198 280 1237 materia
311 1198 485 1250 propria
520 1197 771 1250 appropriat
803 1197 882 1237 sibi
914 1197 1098 1237 formam
1130 1197 1349 1250 propriam
1383 1201 1425 1236 et
1457 1209 1480 1234 e
1511 1208 1613 1235 con-

98 1280 234 1306 verso.
296 1266 372 1306 Set
398 1265 541 1305 anima
571 1265 796 1306 racionalis
830 1267 871 1305 in
902 1264 1081 1306 Socrate
1110 1272 1174 1305 est
1200 1264 1339 1305 forma
1365 1264 1537 1318 propria
1571 1270 1614 1304 et

99 1335 332 1388 perfectiva
362 1335 466 1387 ejus,
495 1348 611 1388 ergQ
635 1348 720 1375 non
754 1341 898 1388 potest
931 1348 1023 1375 esse
1050 1332 1055 1389 Ι
1084 1334 1125 1374 in
1153 1334 1239 1374 alia
1272 1333 1451 1373 materia
1482 1346 1612 1385 quam
1636 1341 1674 1380 83
1692 1340 1713 1370 b
1734 1349 1760 1370 1.

98 1405 140 1444 in
170 1418 348 1457 corpore
377 1403 578 1444 Socratis.
642 1403 702 1443 Et
729 1402 811 1443 hoc
837 1404 1083 1456 expressius
1116 1403 1302 1443 habetur
1336 1415 1411 1454 per
1444 1401 1615 1441 Aristo-

97 1473 242 1524 telem,
282 1473 322 1512 in
373 1485 473 1513 casu
525 1472 759 1524 proposito.
824 1472 940 1512 Nam
981 1472 1062 1512 hoc
1105 1471 1237 1511 modo
1279 1470 1614 1523 argumentandi

41 1559 78 1579 20
97 1542 314 1582 invehitur
354 1545 399 1594 30
434 1540 501 1580 De
531 1541 697 1581 Anima
737 1549 887 1582 contra
928 1541 1232 1593 Pictagoricos‚
1269 1540 1342 1591 qui
1377 1544 1616 1591 posuerunt

96 1611 288 1652 animam
322 1616 489 1650 mutare
520 1622 566 1649 se
596 1610 651 1649 de
682 1623 860 1662 corpore
894 1610 936 1649 in
968 1623 1123 1662 corpus
1155 1615 1254 1661 post
1278 1614 1478 1648 mortem.
1554 1607 1614 1646 Et

98 1679 155 1720 ibi
184 1678 266 1719 hoc
293 1678 521 1731 reprobat3
552 1677 696 1718 dicens
719 1678 836 1731 quod
861 1678 1041 1719 materia
1064 1678 1236 1730 propria
1259 1676 1513 1729 appropriat
1538 1675 1614 1716 sibi

98 1747 282 1789 formam
305 1754 348 1787 et
370 1760 393 1787 e
413 1760 632 1794 converso,
656 1761 772 1800 ergo,
793 1759 871 1787 nec
894 1753 1038 1799 potest
1062 1760 1147 1786 una
1172 1746 1318 1786 anima
1348 1744 1537 1798 separari
1560 1742 1616 1783 ab

99 1829 183 1856 uno
212 1829 392 1868 empore
419 1823 462 1856 et
493 1815 656 1867 ingredi
683 1815 725 1855 in
754 1815 883 1856 aliud.
946 1815 1020 1854 Ex
1051 1828 1138 1867 quo
1167 1821 1268 1854 tunc
1297 1825 1431 1866 arguo
1458 1824 1616 1864 propo-

41 1902 77 1933 25
97 1885 253 1925 situm:
286 1884 319 1924 si
356 1897 431 1936 per
462 1883 750 1924 Aristotelem
785 1898 869 1924 non
904 1889 1047 1936 potest
1082 1896 1164 1923 una
1202 1882 1346 1922 anima
1376 1880 1616 1921 successive

98 1967 192 1994 esse
225 1953 267 1992 in
298 1952 472 1993 diversis
503 1952 769 2005 corporibus,
791 1966 894 2005 ergo
917 1965 995 1993 nec
1022 1951 1318 1992 multoforcius
1349 1955 1495 2003 potest
1523 1962 1616 1989 esse

97 2021 226 2062 simul
247 2027 290 2062 et
311 2021 444 2062 semel
464 2021 505 2060 in
531 2021 721 2061 diversis.
785 2021 897 2061 Item
923 2019 1187 2061 Aristoteles
1216 2020 1331 2060 dicet
1364 2019 1444 2071 iiij⁰
1468 2016 1614 2058 Plzz'sz'-

95 2104 255 2139 corum,
272 2089 463 2142 capitulo
485 2089 539 2129 de
560 2103 704 2137 vacuo,
727 2090 844 2143 quod
868 2091 901 2129 si
924 2089 1087 2142 aliquid
1111 2102 1245 2129 unum
1268 2100 1448 2128 numero
1471 2092 1615 2139 potest

97 2173 191 2200 esse
212 2160 254 2198 in
277 2158 446 2200 duobus
467 2157 580 2207 locis,
606 2165 751 2210 potest
774 2171 866 2199 esse
891 2158 1043 2198 eadem
1074 2158 1244 2198 racione
1273 2157 1315 2196 in
1336 2155 1486 2202 tribus,
1510 2159 1552 2194 et
1579 2154 1614 2194 si

40 2245 79 2274 30
98 2229 139 2268 in
161 2227 299 2268 tribus
320 2234 465 2280 potest
486 2240 578 2267 esse
600 2227 640 2266 in
664 2234 861 2279 quatuor,
888 2233 931 2267 et
962 2226 1022 2266 sic
1054 2226 1096 2265 in
1127 2225 1313 2265 infinitis.
1379 2223 1426 2265 Si
1457 2229 1613 2268 essent,

97 2310 214 2350 ergo,
243 2302 388 2336 essent
418 2295 619 2349 potencie
648 2295 825 2345 infinite,
854 2302 898 2335 et
929 2295 988 2335 ita
1020 2294 1152 2334 Deus.
1214 2293 1275 2333 Et
1305 2293 1404 2333 ideo
1435 2291 1614 2331 omnino

98 2364 294 2417 procedit
334 2364 413 2404 hec
462 2363 576 2403 racio
617 2364 672 2404 de
713 2363 858 2403 anima
902 2363 1006 2403 dum
1049 2367 1115 2402 est
1155 2368 1278 2403 actus
1319 2367 1362 2402 et
1401 2359 1613 2413 perfeccio

99 2434 290 2487 corporis
323 2438 366 2472 et
403 2444 598 2485 persone.
661 2432 776 2472 Nam
811 2432 865 2472 de
900 2431 1046 2471 anima
1079 2436 1279 2484 separata
1312 2435 1378 2469 est
1413 2428 1522 2468 sicut
1558 2427 1614 2467 de

99 2501 266 2554 angelo,
295 2507 344 2541 ut
371 2501 568 2553 superius
596 2506 661 2540 est
686 2506 901 2540 notatum.
963 2498 1088 2547 Item,
1120 2498 1154 2539 si
1184 2511 1268 2538 una
1297 2504 1361 2538 est
1393 2496 1537 2536 anima
1569 2495 1611 2534 in

40 2585 78 2616 35
99 2570 292 2623 pluribus
314 2569 574 2619 hominibus,
604 2576 708 2609 tunc
735 2569 888 2609 eadem
917 2568 996 2608 erit
1025 2567 1153 2607 simul
1180 2573 1222 2607 et
1251 2565 1383 2606 semel
1412 2565 1612 2617 ignorans

141 2750 205 2788 5—6
227 2750 381 2779 Moralis
398 2746 658 2788 Philosophje]
679 2746 740 2787 Op.
757 2746 838 2787 Maj.
857 2745 910 2776 vii.
934 2755 958 2776 1.
1006 2744 1150 2783 Bridges
1168 2744 1199 2774 ii.
1218 2753 1277 2782 241
1297 2753 1369 2783 sqq.
1496 2751 1539 2773 20
1562 2743 1617 2773 De

98 2799 253 2841 Anima]
268 2799 290 2831 i.
308 2808 360 2839 53.
538 2808 578 2837 27
603 2797 855 2837 Phisicorum]
879 2797 921 2828 iv.
940 2797 989 2836 76,
1010 2806 1060 2836 77.
