1898 3126
819 166 899 208 279

95 281 209 308 nono
240 267 307 307 De
338 267 630 318 Animalibm,
661 281 810 308 semen
842 270 977 322 patris
1009 268 1057 309 fit
1089 270 1274 323 spiritus,
1311 284 1411 310 nam
1449 272 1625 324 spiritus

95 335 306 377 radicales
340 335 448 376 fiunt
470 336 525 375 de
548 336 715 376 semine
737 337 872 388 patris
894 344 937 378 et
964 337 1076 377 fetus
1106 337 1154 378 fit
1185 339 1240 378 de
1269 340 1433 379 semine
1461 340 1623 380 matris.

98 406 158 445 Et
179 404 284 445 dicit
307 405 427 456 quod
441 404 524 445 hoc
538 412 604 446 est
619 406 847 445 consilium
865 405 1130 453 Aristotelis,
1144 413 1188 446 et
1205 407 1391 447 multum
1408 409 1625 461 vituperat

97 472 329 514 Galienum
356 474 399 513 in
427 473 510 513 hac
539 479 662 527 parte
687 474 759 527 qui
793 475 1059 515 contradixit
1090 476 1311 516 sentencie
1333 476 1443 516 huic.
1508 477 1627 517 Dicit

55 557 75 587 5
96 555 200 595 ergo
229 545 297 583 ‘et
320 542 463 583 mirati
496 555 645 582 sumus
672 555 802 594 super
827 542 1002 583 homine
1029 543 1103 584 illo
1129 544 1201 597 qui
1231 544 1500 585 contradixit
1522 545 1625 585 Ari-

96 610 256 662 stoteli,
279 611 378 651 licet
395 611 509 651 enim
527 610 716 651 multum
739 611 911 652 sciverit
933 613 987 652 de
1014 613 1145 652 ramis
1167 612 1456 666 philosophie,
1478 619 1625 653 tamen

97 679 313 732 ignoravit
341 679 508 719 radices
526 677 548 718 ’.
604 679 662 719 Et
692 686 844 731 postea
874 680 978 720 dicit
1003 681 1146 732 ‘quod
1171 680 1318 721 olfecit
1341 681 1624 722 medietatem

95 747 226 800 hujus
255 748 313 788 rei
330 746 353 797 ²,
377 753 420 788 et
451 747 550 788 ideo
579 747 737 788 erravit
770 748 810 787 in
851 747 1008 789 multis.
1072 748 1131 788 Et
1158 749 1249 801 jam
1282 755 1405 801 patet
1435 763 1511 802 per
1542 749 1625 790 hoc

96 817 319 870 quomodo
352 816 583 857 dicendum
617 816 672 856 de
714 818 879 857 semine
922 817 1160 858 masculino
1203 806 1244 857 in
1288 817 1446 870 planta.
1509 817 1627 857 Nam

39 897 77 920 πο
97 884 316 937 completa
356 884 639 937 generacione
681 884 828 936 plante
870 885 985 924 cedit
1028 886 1067 925 in
1112 885 1274 938 aliquid
1318 887 1435 938 quod
1478 893 1542 927 est
1585 887 1626 925 in

97 954 247 1005 planta
263 959 468 1005 generata
486 953 583 993 loco
601 953 777 1006 spiritus
800 953 840 992 in
863 953 1052 994 animali.
1105 955 1222 994 Nam
1239 954 1502 995 Aristoteles
1524 954 1628 994 dicit

97 1023 138 1062 in
163 1020 272 1061 libro
292 1021 360 1061 De
373 1020 561 1071 Plautis,
578 1022 695 1073 quod
719 1021 882 1073 planta,
905 1022 1002 1063 licet
1024 1035 1109 1062 non
1131 1022 1292 1063 habeat
1314 1029 1457 1076 partes
1479 1023 1630 1075 quales

97 1089 269 1139 animal,
292 1089 424 1130 habet
456 1097 605 1130 tamen
634 1090 796 1130 similes
822 1091 895 1140 eis,
917 1098 965 1132 ut
990 1091 1123 1132 habet
1157 1091 1345 1132 radicem
1379 1105 1457 1143 pro
1477 1105 1563 1141 ore,
1586 1098 1629 1131 et

97 1159 302 1199 corticem
321 1171 399 1210 pro
416 1165 528 1210 cute,
543 1164 586 1198 et
605 1157 840 1199 medullam
859 1172 938 1211 pro
956 1160 1098 1207 corde,
1113 1166 1156 1200 et
1173 1160 1232 1199 sic
1251 1161 1305 1200 de
1325 1159 1432 1209 aliis,
1452 1167 1494 1200 et
1518 1160 1631 1209 ideo,

40 1240 76 1270 ³5
99 1227 198 1267 licet
234 1239 321 1266 non
345 1225 506 1266 habeat
531 1227 722 1279 spiritus,
745 1234 891 1267 tamen
917 1227 1051 1268 habet
1083 1227 1247 1281 aliquid
1276 1228 1415 1268 simile
1446 1227 1629 1280 spiritui,

99 1294 216 1346 quod
239 1301 305 1335 est
326 1308 462 1347 vapor
483 1294 664 1335 diffusus
687 1309 711 1335 a
735 1295 925 1335 medulla
947 1295 989 1335 in
1016 1294 1020 1349 Ι
1051 1303 1216 1337 ceteras
1239 1303 1386 1349 partes
1404 1296 1551 1349 plante
1573 1297 1627 1335 ad
1651 1305 1686 1336 81
1710 1316 1729 1336 a
1752 1315 1776 1336 1.

100 1364 393 1404 exercendum
426 1377 558 1417 opera
582 1364 726 1404 anime
748 1363 880 1415 ipsius
903 1364 1062 1417 plante,
1078 1365 1186 1404 sicut
1202 1365 1377 1417 spiritus
1393 1365 1435 1404 in
1453 1364 1628 1404 animali

101 1438 167 1472 est
198 1432 422 1484 quoddam
454 1432 596 1472 simile
626 1433 776 1484 vapori
809 1433 883 1484 qui
916 1432 1011 1473 fluit
1039 1447 1064 1473 a
1093 1434 1224 1474 corde
1247 1434 1288 1473 in
1313 1447 1465 1473 omnes
1488 1439 1631 1486 partes

100 1501 301 1541 animalis
332 1501 449 1553 quod
484 1507 548 1541 est
592 1502 930 1541 instrumentum
973 1501 1130 1542 anime.
1213 1502 1272 1543 Et
1314 1515 1387 1541 cor
1427 1503 1632 1542 continue

39 1588 81 1610 20
101 1576 309 1622 evaporat
331 1583 407 1621 per
429 1569 735 1610 dilatacionem
759 1576 802 1610 et
824 1571 1182 1611 constriccionem
1202 1577 1244 1611 ct
1267 1571 1426 1611 emittit
1448 1585 1631 1623 vapores

101 1637 280 1677 subtiles
303 1638 357 1676 ad
389 1636 762 1678 confortacionem
795 1639 935 1678 tocius
967 1639 1176 1691 corporis,
1209 1639 1281 1690 qui
1314 1652 1496 1691 vapores
1529 1646 1630 1678 sunt

102 1705 277 1759 spiritus
300 1705 481 1746 subtiles
497 1707 691 1759 generati
714 1720 769 1746 ex
788 1707 998 1759 sanguine
1020 1720 1141 1758 puro.

161 1818 442 1873 <Capitulum
463 1827 532 1869 4¹³³.
591 1821 643 1860 de
657 1822 932 1873 generacione
953 1821 1180 1876 hominia>

161 1897 248 1939 Sed
279 1899 334 1939 de
367 1900 657 1952 generacione
691 1899 880 1940 hominis
912 1908 977 1941 est
1014 1900 1213 1954 specialis
1248 1900 1493 1949 difficultas,
1530 1914 1629 1941 nam

42 1985 80 2016 25
102 1972 282 2021 propter
311 1967 734 2019 consanguinitatem
764 1974 807 2007 et
833 1968 1147 2021 cognacionem
1173 1968 1326 2008 volunt
1358 1968 1484 2009 multi
1512 1969 1630 2020 quod

104 2047 251 2075 semen
273 2047 330 2074 ex
353 2048 440 2086 quo
467 2034 611 2087 proles
644 2041 878 2086 generatur
905 2049 991 2076 non
1021 2036 1075 2076 sit
1105 2037 1160 2076 de
1186 2037 1455 2077 nutrimento
1483 2043 1549 2077 set
1580 2037 1633 2077 de

104 2102 354 2144 substancia
377 2103 582 2154 corporis.
647 2102 725 2143 Set
747 2103 829 2143 hoc
860 2104 1033 2156 penitus
1066 2111 1131 2144 est
1163 2111 1314 2145 contra
1344 2104 1630 2145 Aristotelem

103 2179 147 2213 et
169 2171 441 2212 Avicennam
465 2171 506 2210 in
529 2171 614 2211 suis
644 2171 763 2211 libris
793 2172 859 2212 De
884 2172 1177 2219 Animalibus,
1201 2186 1302 2213 nam
1337 2173 1559 2213 evidenter
1588 2179 1631 2212 et

104 2246 307 2293 potenter
337 2240 497 2280 docent
518 2241 635 2291 quod
658 2240 742 2280 hoc
766 2254 860 2280 esse
883 2254 968 2280 non
996 2247 1156 2294 potest,
1179 2248 1222 2282 et
1253 2242 1370 2294 quod
1399 2255 1546 2282 semen
1579 2242 1633 2281 sit

43 2328 85 2358 30
106 2308 325 2349 residuum
348 2308 604 2347 nutrimenti
629 2309 798 2360 optime
820 2309 978 2361 digesti
1001 2322 1088 2361 quo
1111 2322 1197 2349 non
1219 2309 1386 2362 indiget
1402 2323 1556 2362 corpus
1579 2311 1634 2350 ad

107 2377 440 2418 restaurandum
493 2377 771 2428 deperditum
814 2391 893 2416 nec
934 2378 990 2418 ad
1040 2384 1336 2430 augmentum.
1412 2377 1633 2431 Quoniam

106 2451 211 2498 post
232 2445 560 2485 conversionem
592 2445 848 2485 nutrimenti
884 2446 925 2485 in
962 2459 1119 2498 corpus
1153 2459 1238 2486 non
1269 2452 1414 2498 potest
1443 2445 1634 2498 separari

103 2513 270 2566 aliquid
299 2527 324 2553 a
355 2526 537 2565 corpore
570 2513 634 2553 vel
667 2520 789 2566 parte
827 2514 1020 2566 corporis
1050 2514 1140 2554 sine
1172 2514 1323 2553 dolore
1358 2520 1402 2554 et
1435 2526 1559 2566 pena,
1587 2519 1635 2553 ut

106 2587 229 2634 patet
270 2581 304 2622 si
347 2582 566 2621 dividatur
609 2594 695 2620 una
738 2596 838 2634 pars
880 2582 1018 2622 carnis
1054 2581 1122 2621 vel
1162 2582 1280 2621 nervi
1319 2581 1386 2622 vel
1425 2581 1534 2621 ossis
1567 2580 1635 2620 vel

153 2703 166 2722 1
196 2695 250 2722 De
267 2691 523 2732 Animalibus]
541 2693 585 2723 ix.
608 2703 635 2722 1.
728 2703 746 2731 5
771 2698 808 2724 et
824 2695 950 2724 mirati
967 2703 1096 2724 sumus
1114 2716 1120 2723 .
1141 2716 1147 2722 .
1169 2692 1196 2733 .]
1221 2693 1282 2723 loe.
1304 2693 1358 2723 cit.
1376 2693 1420 2723 ix.
1443 2702 1468 2723 1.
1490 2702 1518 2723 2.
1540 2692 1559 2723 f.
1579 2702 1633 2730 41.

110 2753 146 2772 12
172 2746 227 2774 De
246 2743 409 2783 Plantis]
429 2744 449 2775 i.
470 2754 501 2774 2.

150 2843 170 2871 6
194 2841 349 2882 sciverit]
375 2842 475 2872 scivit
493 2842 535 2872 M
