1898 3126
798 116 880 162 295

81 221 251 271 sanctis,
277 226 342 261 set
359 233 384 260 a
406 218 686 272 Philosopho,
704 217 1099 272 ergojudicandum
1115 223 1180 256 est
1195 217 1247 256 de
1262 215 1343 255 hoc
1360 216 1595 255 secundum

80 292 170 331 vias
210 288 482 343 philosophie
523 286 829 340 principaliter.
907 285 983 327 Set
1027 285 1313 338 Philosophus
1355 284 1428 337 qui
1470 291 1596 324 vocat

81 357 305 412 potencias
345 357 499 405 anime,
535 357 627 409 ipse
669 363 770 396 ante
812 354 1050 409 capitulum
1087 352 1137 393 de
1166 353 1373 407 potencz'is
1414 358 1457 392 et
1498 359 1597 405 post

82 427 186 468 illud
227 425 449 480 potencias
480 432 607 465 vocat
643 431 803 478 partes,
842 424 1048 477 quoniam
1091 423 1132 462 in
1174 422 1385 476 principio
1419 421 1596 462 secundi

81 496 196 541 dicit,
237 495 345 535 sicut
376 507 422 534 εθ
453 494 584 534 habet
615 500 709 534 tota
740 494 881 534 anima
913 493 968 533 ad
1000 498 1141 533 totum
1173 504 1328 544 corpus
1359 490 1418 530 sic
1450 496 1595 542 partes

81 564 225 604 anime
249 564 305 604 ad
333 569 478 616 partes
504 562 706 616 corporis,
729 568 771 602 et
800 561 843 602 in
870 561 1080 616 principio
1109 561 1227 600 tercii
1261 560 1380 609 dicit,
1406 559 1599 599 dicamus

80 634 137 673 de
174 638 296 686 parte
329 631 470 672 anime
506 645 592 684 qua
626 631 849 684 cognoscit
882 637 924 671 et
960 631 1075 684 sapit
1110 636 1153 670 et
1189 630 1266 669 hec
1302 635 1367 668 est
1401 628 1600 680 potencia

83 701 357 749 intellectiva,
381 707 423 741 et
445 700 505 741 sic
528 700 687 754 pluries
708 700 929 753 potencias
951 705 1078 740 vocat
1106 703 1253 751 partes
1273 704 1315 737 et
1337 711 1360 737 e
1383 710 1600 737 converso.

85 772 195 812 Item
233 770 416 811 Boecius
449 770 551 810 dicit
585 770 627 809 in
665 769 825 822 Topicis
856 770 972 821 quod
1007 774 1106 809 sunt
1137 774 1281 821 partes
1312 767 1527 814 virtuales,
1559 774 1601 807 et

26 858 62 879 10
84 841 180 880 ideo
225 838 331 880 fallit
380 845 564 891 utraque
612 839 776 891 posicio
824 838 1079 879 communis.
1169 836 1270 878 Una
1317 836 1422 876 dicit
1477 836 1595 888 quod

83 909 278 961 potencie
311 907 454 947 anime
491 912 590 947 sunt
622 907 879 956 accidencia,
917 913 960 947 et
993 906 1077 947 alia
1112 905 1215 946 dicit
1249 906 1371 958 quod-
1403 905 1601 958 potencie

83 977 224 1017 anime
255 973 363 1017 sunt
386 975 579 1016 medium
613 976 723 1017 inter
752 976 1046 1016 substanciam
1081 982 1123 1015 et
1155 975 1366 1016 accidens.
1430 973 1489 1013 Et
1521 973 1600 1013 hec

82 1046 270 1086 secunda
292 1058 377 1084 non
400 1044 540 1085 solum
562 1045 630 1084 hic
652 1044 770 1096 fallit,
788 1051 854 1085 set
880 1051 945 1086 est
967 1050 1116 1084 contra
1131 1043 1388 1097 principium
1410 1043 1601 1096 philoso-

84 1114 192 1168 phie.
254 1114 369 1154 Nam
404 1127 490 1154 non
524 1120 588 1153 est
626 1114 816 1155 medium
850 1113 960 1154 inter
991 1113 1282 1153 substanciam
1316 1118 1358 1152 et
1390 1112 1606 1163 accidens,

26 1200 62 1231 15
83 1184 185 1236 quia
206 1189 309 1223 tunc
326 1188 438 1223 esset
459 1182 636 1236 aliquod
660 1183 1030 1235 predicamentum
1062 1182 1252 1222 medium
1276 1182 1386 1221 inter
1407 1180 1601 1233 predica-

84 1259 279 1293 mentum
320 1251 565 1292 substancie
596 1258 638 1292 et
675 1252 1045 1304 predicamentum
1081 1251 1386 1291 accidencium.
1462 1250 1604 1289 Prima

85 1323 221 1362 eciam
244 1321 409 1374 posicio
432 1320 540 1360 fallit
562 1334 638 1373 per
665 1319 669 1371 Ι
698 1320 959 1373 supradicta,
987 1333 1087 1360 nam
1109 1320 1352 1372 vegetativa
1376 1320 1419 1359 in
1442 1319 1602 1372 plantis
1624 1326 1664 1357 86
1680 1337 1699 1356 a
1719 1334 1745 1356 1.

85 1396 149 1430 est
184 1403 285 1430 vera
318 1389 566 1430 substancia
602 1402 687 1429 non
723 1389 933 1438 accidens,
955 1395 999 1429 et
1031 1395 1095 1429 est
1132 1389 1270 1429 forma
1301 1388 1604 1429 substancialis

88 1459 345 1511 plantarum,
388 1458 429 1497 in
474 1457 610 1497 brutis
651 1464 714 1498 est
755 1458 960 1498 sensitiva
1001 1471 1100 1498 vera
1139 1457 1389 1498 substancia
1433 1464 1476 1497 et
1516 1469 1601 1497 non

28 1542 68 1563 20
87 1528 300 1577 accidens,
315 1540 430 1579 ergo,
454 1540 551 1567 curn
575 1526 660 1567 sint
677 1527 817 1567 verius
839 1527 880 1566 in
904 1527 1078 1567 homine
1095 1540 1181 1566 non
1197 1534 1322 1567 erunt
1344 1526 1601 1567 accidencia.

89 1597 149 1636 Et
163 1596 429 1637 intellectum
449 1595 490 1635 in
504 1594 668 1648 angelis
686 1601 751 1635 est
769 1609 870 1636 vera
885 1596 1148 1644 substancia,
1164 1609 1278 1648 ergo,
1294 1603 1336 1636 et
1355 1596 1396 1635 in
1416 1595 1603 1636 homine.

90 1667 219 1715 Item,
259 1665 556 1717 vegetativum
603 1671 646 1705 et
694 1665 946 1704 sensitivum
1003 1665 1265 1705 inducuntur
1307 1665 1348 1704 in
1392 1677 1484 1704 esse
1529 1677 1606 1716 per

89 1734 428 1787 generacionem,
456 1740 503 1774 ut
532 1733 649 1785 prius
679 1734 913 1786 probatum
947 1740 1023 1774 est.
1047 1747 1160 1785 ergo,
1183 1747 1330 1773 earum
1360 1733 1607 1773 substancia

70 1804 206 1858 ‚prius
247 1803 534 1844 introducitur
569 1816 702 1855 quam
739 1803 988 1843 substancia
1029 1803 1149 1855 cujus
1190 1802 1499 1843 intellectivum
1542 1808 1607 1842 est

31 1892 68 1922 25
91 1873 302 1925 potencia,
337 1885 450 1924 ergo,
484 1885 571 1911 non
606 1878 705 1912 sunt
741 1872 941 1925 potencie
976 1871 1168 1924 ejusdem
1209 1871 1468 1912 substancie.
1532 1869 1607 1911 Set

91 1948 269 1994 propter
308 1940 389 1981 hoc
427 1947 648 1993 ponuntur
689 1940 949 1989 accidencia‚
980 1941 1082 1993 quia
1123 1946 1344 1992 ponuntur
1376 1940 1417 1979 in
1452 1940 1605 1980 eadem

91 2010 349 2058 substancia,
373 2023 486 2062 ergo,
510 2022 595 2049 non
617 2015 760 2062 potest
786 2008 868 2050 hoc
889 2023 994 2049 esse.

151 2079 196 2120 Si
218 2080 386 2120 dicatur
407 2078 653 2131 cujusmodi
682 2084 825 2130 partes
856 2084 968 2126 sunt,
993 2078 1229 2118 dicendum
1253 2079 1370 2131 quod
1392 2077 1606 2126 virtuales,

93 2156 140 2189 ut
154 2149 260 2189 dicit
274 2148 468 2196 Boecius,
488 2153 530 2187 et
547 2147 608 2187 ita
630 2146 908 2199 potenciales,
925 2153 967 2187 et
983 2147 1081 2187 ideo
1104 2147 1316 2199 potencie,
1334 2154 1376 2187 et
1397 2160 1484 2187 non
1506 2153 1608 2187 sunt

33 2234 74 2264 30
92 2225 235 2271 partes
267 2216 532 2265 essenciales,
555 2216 657 2268 quia
687 2215 758 2255 ille
788 2222 1055 2268 componunt
1087 2229 1176 2256 rem
1209 2216 1316 2256 sicut
1349 2216 1530 2257 materia
1566 2222 1610 2256 et

93 2287 242 2336 forma,
265 2292 307 2325 et
328 2291 427 2325 sunt
453 2285 538 2325 due
567 2290 748 2333 tantum,
769 2291 833 2325 set
859 2290 957 2324 sunt
986 2290 1128 2336 partes
1157 2284 1398 2337 integrales,
1422 2284 1523 2337 quia
1552 2297 1609 2324 ex

93 2353 420 2408 llffetlzaplcz'sicz's
457 2358 578 2406 patet
614 2353 732 2405 quod
764 2353 905 2392 omnis
936 2367 1035 2406 pars
1063 2352 1131 2393 vel
1164 2359 1228 2393 est
1271 2353 1510 2406 subjectiva
1542 2352 1610 2392 vel

96 2423 328 2477 integralis,
351 2429 393 2462 et
423 2420 643 2475 integralis
664 2427 739 2462 aut
761 2428 825 2462 est
853 2421 1018 2475 duplex
1041 2428 1224 2472 tantum,
1245 2429 1288 2463 et
1315 2422 1375 2462 sic
1398 2428 1610 2462 vocantur

95 2491 346 2533 essenciales
378 2497 426 2531 ut
466 2491 650 2531 materia
681 2497 722 2531 et
754 2491 904 2541 forma,
939 2498 1013 2532 aut
1055 2492 1139 2531 due
1174 2498 1216 2532 et
1248 2491 1329 2532 hoe
1366 2491 1609 2544 dupliciter,

38 2576 76 2607 35
96 2561 301 2615 quoniam
316 2567 391 2601 aut
414 2561 454 2600 in
473 2559 775 2612 corporalibus,
793 2566 836 2600 et
857 2560 914 2600 sic
927 2567 1134 2601 vocantur
1152 2567 1294 2613 partes
1311 2560 1610 2612 quantitative,

97 2636 172 2670 aut
206 2629 247 2669 in
279 2628 587 2682 spiritualibus,
621 2634 664 2668 et
700 2629 759 2668 sic
791 2635 998 2669 vocantur
1031 2634 1176 2681 partes
1207 2629 1420 2678 virtuales,
1458 2628 1500 2669 id
1532 2636 1610 2678 est,

140 2752 160 2781 3
175 2743 220 2772 de
233 2740 438 2781 potenciis]
449 2739 488 2771 de
498 2740 628 2770 Anium
640 2740 672 2770 ii.
684 2749 721 2779 51
737 2749 809 2779 sqq.
885 2750 904 2777 4
921 2738 1092 2780 secundi]
1107 2739 1144 2770 de
1153 2740 1283 2770 Anima
1301 2740 1332 2770 ii.
1347 2751 1376 2779 9.
1451 2741 1472 2769 6
1488 2739 1613 2779 tercii]

99 2793 136 2823 de
151 2792 282 2823 Anima
300 2792 343 2823 iii.
363 2801 390 2823 1.
