1898 3126
794 138 874 178 ‘297

73 239 374 281 multoforcius
403 238 715 279 intellectivum
747 246 789 280 et
822 240 1086 279 sensitivum.
1151 239 1276 287 Item,
1301 244 1446 291 partes
1469 251 1597 291 vege-

72 310 207 350 tative
239 316 339 349 sunt
372 309 540 349 diverse
574 309 614 347 in
647 309 838 348 essencia
870 315 1047 361 propter
1083 308 1362 360 operaciones
1395 308 1596 353 diversas,

72 392 178 431 ergo
210 376 509 418 multoforcius
537 377 617 417 hic.
683 377 795 417 Cum
823 383 969 417 autem
994 383 1183 430 arguunt
1206 376 1324 428 quod
1348 383 1449 416 tunc
1473 382 1596 415 erunt

73 447 213 487 multe
235 446 480 486 substancie
502 446 542 485 in
566 446 722 494 anima,
740 460 837 486 cum
860 453 1006 486 tamen
1030 452 1203 486 autores
1225 445 1370 485 dicant
1392 445 1508 496 quod
1533 451 1596 482 est

34 534 50 564 5
74 529 160 555 una
182 515 443 561 substancia,
465 514 698 555 dicendum
730 516 847 567 quod
871 522 937 555 est
966 528 1049 554 una
1075 514 1322 554 substancia
1354 513 1597 565 composita

74 596 130 623 ex
158 580 162 636 Ι
192 581 392 634 pluribus
410 580 620 633 partibus,
638 581 747 620 sicut
766 594 932 634 corpus,
950 594 1034 633 que
1052 587 1198 632 partes
1221 587 1319 620 sunt
1342 580 1509 619 diverse
1525 593 1598 630 per
1619 590 1658 620 so
1679 592 1695 618 ῐ,
1719 599 1742 619 x.

73 648 311 689 essenciam
334 647 446 687 sicut
470 653 612 699 partes
636 648 839 700 corporis,
862 654 1010 688 tamen
1031 648 1084 687 sit
1103 660 1233 686 unum
1262 660 1338 698 per
1359 646 1596 685 esseneiam

72 731 129 758 ex
160 717 233 763 eis,
268 723 311 756 et
342 716 422 756 hoc
452 723 517 755 est
551 729 651 755 vere
684 729 829 763 unum,
861 716 963 767 quia
994 716 1104 756 sicut
1134 716 1174 755 in
1202 728 1383 768 corpore
1421 713 1599 754 resultat

72 799 159 826 una
183 784 321 825 forma
343 785 498 834 tocius,
521 783 731 837 copulans
757 798 908 825 omnes
937 791 1081 838 partes
1108 785 1149 823 in
1173 785 1339 824 unitate
1361 782 1600 829 essenciali‚

14 867 53 889 10
73 855 133 895 sic
156 861 220 895 est
246 867 271 893 a
297 859 422 907 parte
449 853 598 894 anime
626 853 746 906 quod
777 867 864 894 una
896 859 1050 893 natura
1077 852 1387 893 substancialis
1420 851 1600 892 resultat

74 937 130 963 ex
154 922 351 975 partibus
374 921 568 975 pluribus
592 922 634 961 in
658 935 743 974 qua
766 921 929 962 habent
953 922 1162 961 unitatem
1186 920 1476 961 essencialem.
1542 920 1599 958 lit

74 1006 131 1033 ex
153 991 234 1032 hac
255 992 436 1031 veritate
458 997 579 1043 patet
602 991 718 1042 quod
742 1004 825 1030 non
844 997 943 1030 sunt
965 991 1164 1043 potencie
1186 990 1328 1030 anime
1351 990 1598 1030 accidencia

73 1059 268 1112 ejusdem
317 1060 579 1106 substancie‚
626 1065 672 1098 ut
724 1059 847 1112 ponit
897 1058 1041 1110 opinio
1088 1056 1379 1109 dampnabilis
1423 1056 1601 1108 vulgata

77 1128 279 1180 Parisius,
303 1135 346 1167 et
371 1128 570 1168 similiter
595 1127 677 1166 alia
700 1141 785 1180 que
812 1127 934 1180 ponit
964 1126 1151 1168 medium
1174 1127 1284 1166 inter
1306 1125 1599 1166 substanciam

16 1211 53 1242 15
75 1205 118 1238 et
140 1198 340 1238 accidens
362 1198 598 1237 destruitur
620 1209 696 1249 per
718 1197 799 1237 hoc
823 1197 950 1236 idem.

137 1356 156 1405 <
168 1351 412 1405 Capitulum
436 1351 503 1389 6¹1¹.
555 1348 606 1389 de
618 1349 820 1403 partibus
841 1349 1074 1402 vegetative
1094 1348 1311 1399 virtutis>

140 1466 288 1505 Partes
305 1477 407 1504 vero
425 1463 627 1503 sensitive
646 1463 815 1503 virtutis
832 1476 914 1515 ego
930 1462 1052 1515 posui
1070 1475 1169 1501 cum
1186 1461 1303 1500 omni
1319 1459 1545 1512 diligencia
1564 1460 1604 1497 in

78 1533 291 1587 principio
312 1533 599 1585 Perspeclz'z·e,
623 1532 740 1584 quod
765 1531 1002 1585 capitulum
1026 1537 1092 1571 est
1115 1543 1246 1570 unum
1278 1529 1318 1568 in
1346 1542 1433 1581 quo
1459 1534 1603 1569 totum

75 1603 235 1655 vulgus
270 1609 383 1641 errat
423 1601 691 1641 medicorum
728 1600 988 1640 naturalium
1024 1606 1066 1639 et
1103 1598 1421 1651 theologorum,
1456 1603 1498 1636 et
1539 1604 1604 1635 est

21 1686 59 1707 20
80 1685 212 1712 unum
241 1671 298 1711 de
328 1670 601 1723 dignioribus
638 1669 840 1722 capitulis
875 1682 961 1721 que
995 1668 1103 1715 misi,
1133 1667 1357 1707 continens
1393 1666 1606 1718 sapiencie

80 1746 361 1793 potestatem.
430 1739 580 1778 Partes
601 1751 703 1777 vero
725 1738 969 1789 vegetative
991 1744 1091 1776 sunt
1121 1743 1234 1781 note,
1255 1742 1342 1775 tres
1371 1736 1480 1774 enim
1506 1741 1605 1773 sunt

80 1807 352 1862 principales
379 1807 557 1857 scilicet,
584 1806 804 1853 nutritiva,
832 1805 1170 1858 augmentativa,
1198 1810 1241 1843 et
1273 1803 1530 1855 generativa,
1562 1808 1605 1840 et

77 1878 168 1930 jam
211 1877 407 1929 superius
449 1882 614 1915 tactum
662 1881 727 1914 est
768 1875 821 1913 de
861 1874 922 1913 eis
965 1873 1037 1912 ubi
1081 1873 1195 1912 facta
1237 1878 1302 1911 est
1342 1871 1509 1911 locucio
1552 1870 1606 1909 de

81 1945 371 1999 generacione
398 1944 701 1984 animatorum.
766 1943 825 1983 Et
847 1943 905 1982 ibi
928 1942 1069 1995 patuit
1091 1949 1186 1982 tota
1206 1940 1408 1993 operacio
1430 1952 1606 1993 genera-

22 2027 60 2058 25
82 2015 179 2056 tive.
236 2014 304 2054 De
321 2013 526 2065 operibus
543 2025 648 2051 vero
666 2010 975 2064 principalibus
992 2010 1195 2050 nutritive
1217 2016 1260 2049 et
1282 2007 1607 2061 augmentative

85 2082 303 2137 disputavi
322 2081 497 2135 copiose
516 2080 557 2120 in
576 2080 656 2120 hiis
671 2093 756 2131 que
773 2080 827 2120 de
843 2093 981 2119 vacuo
996 2079 1037 2118 in
1055 2078 1347 2130 superioribus
1362 2075 1608 2127 conscripsi,

83 2165 184 2192 nam
207 2150 458 2204 principalis
481 2148 711 2189 difficultas
733 2148 773 2187 in
796 2148 878 2188 hiis
909 2147 1110 2200 operibus
1132 2152 1197 2186 est
1219 2146 1442 2198 quomodo
1465 2145 1608 2184 unitur

83 2217 331 2258 substancia
356 2215 551 2256 alimenti
583 2214 778 2267 partibus
811 2213 959 2254 solidis
988 2212 1190 2266 corporis.
1255 2212 1314 2251 Et
1345 2225 1427 2264 ego
1459 2223 1608 2250 omnes

83 2286 327 2339 posiciones
353 2284 540 2324 famosas
571 2283 811 2342 reprobavi,
834 2288 877 2322 et
907 2296 985 2334 pro
1015 2281 1230 2321 sentencia
1258 2280 1376 2320 tenui
1410 2286 1452 2319 et
1482 2284 1608 2318 teneo

24 2369 67 2401 30
84 2355 202 2408 quod
226 2353 469 2394 substancia
491 2351 683 2392 alimenti
706 2365 792 2391 non
814 2352 869 2391 sit
892 2351 1144 2404 incorporea
1161 2355 1227 2389 set
1245 2349 1400 2388 retinet
1417 2348 1609 2400 proprie-

85 2430 222 2464 tatem
265 2421 547 2475 corporalem,
583 2421 683 2473 quia
724 2427 878 2460 natura
919 2419 1125 2473 supponit
1165 2431 1337 2470 semper
1369 2430 1526 2469 corpus
1568 2416 1610 2455 in

86 2492 208 2531 omni
231 2491 490 2545 operacione
511 2503 599 2537 sua,
623 2497 712 2529 tam
735 2489 776 2528 in
800 2489 1083 2541 generacione
1110 2500 1240 2539 quam
1266 2487 1306 2525 in
1328 2485 1611 2537 corrupcione

85 2567 129 2601 et
151 2559 367 2600 omnibus.
396 2557 401 2612 }
430 2558 507 2599 Set
528 2557 606 2597 hec
627 2556 860 2611 corporalis
877 2556 1123 2596 substancia
1140 2555 1333 2595 alimenti
1351 2567 1437 2593 non
1459 2554 1609 2594 retinet
1631 2561 1672 2594 86
1691 2562 1710 2592 b
1729 2571 1758 2593 2.

86 2642 186 2668 suas
212 2628 503 2668 dimensiones
536 2626 693 2667 divisas
725 2632 767 2666 et
793 2625 1021 2666 distinctas
1043 2639 1068 2665 a
1090 2637 1268 2676 corpore
1300 2623 1342 2662 in
1366 2623 1484 2675 quod
1509 2635 1610 2661 con-

132 2742 172 2770 18
196 2738 451 2779 Perspective]
471 2738 616 2777 Bridges
635 2738 664 2768 ii.
685 2739 714 2770 6.
918 2738 959 2767 26
981 2734 1252 2775 superioribus]
1271 2734 1423 2773 Brewer,
1447 2733 1508 2774 Op.
1535 2733 1613 2764 'lem

89 2802 144 2831 pp·
167 2801 227 2830 149
243 2801 318 2831 sqq·

151 2870 178 2888 R.
191 2870 216 2887 3.
227 2870 256 2887 ιιι
835 2853 865 2883 Χ
