1877 3131
800 167 877 219 163

76 281 276 324 accidens
294 280 373 322 soli
390 280 504 328 uine,
522 286 565 321 et
578 286 726 320 tamen
745 285 965 319 mensurat
981 278 1170 319 infinitas
1188 279 1292 319 alias
1307 278 1603 333 longitudines

76 363 316 404 pannorum
329 349 504 403 equales
520 354 562 389 et
577 347 807 400 subjectas.
845 347 1030 387 Curialis
1047 347 1218 387 videtur
1233 348 1407 400 posicio‚
1417 355 1482 388 set
1491 362 1602 388 vana

76 425 152 468 est,
176 432 276 458 nam
300 431 386 458 non
408 416 620 470 contingit
643 416 862 468 assignare
885 415 1075 468 aliquem
1099 421 1269 455 motum
1291 416 1365 468 qui
1383 423 1601 456 mensuret

76 500 239 536 omnes,
274 486 354 526 nisi
382 486 438 526 sit
475 491 619 526 motus
651 484 740 525 celi.
805 483 884 524 Set
920 483 974 524 de
1007 483 1078 523 illo
1108 484 1342 536 probatum
1375 489 1456 533 est,
1482 485 1601 536 quod

38 577 54 608 5
75 568 162 596 non
185 560 330 609 potest
353 567 447 594 esse
468 553 681 607 precisum
707 552 951 605 subjectum
984 551 1204 605 temporis,
1228 558 1270 592 et
1292 552 1327 592 si
1355 551 1426 592 ille
1459 558 1603 591 motus

75 629 274 672 cessaret,
299 629 342 663 et
364 623 435 662 alii
460 621 621 671 fierent,
653 620 795 661 adhuc
826 626 940 660 esset
972 627 1147 674 tempus
1181 633 1382 661 mensura
1405 619 1600 660 aliorum.

76 692 136 733 Et
158 692 329 740 iterum,
353 691 387 731 si
422 690 563 731 nullus
590 695 735 731 motus
767 695 879 730 esset
913 702 1114 729 mensura
1137 688 1334 737 aliorum,
1357 694 1422 729 set
1451 701 1603 729 omnes

76 766 218 801 essent
241 759 531 800 indifferentes
549 758 804 806 adinvicem,
821 757 964 798 adhuc
985 763 1160 809 tempus
1183 770 1270 797 non
1294 757 1602 810 multiplicare-

75 834 156 878 tur,
172 829 270 869 licet
286 827 430 881 plures
454 833 598 868 motus
616 833 770 873 essent,
787 839 971 879 quorum
988 825 1129 865 nullus
1145 825 1278 865 alium
1296 818 1576 875 mensuraret,
1594 822 1597 875 1

21 919 56 939 10
75 898 147 950 qui
185 896 367 937 debetur
403 896 579 936 cuilibet
617 895 921 943 indifferenter,
957 895 999 934 in
1033 900 1246 946 quantum
1285 900 1351 934 est
1387 894 1600 943 accidens,
1621 900 1696 939 4621
1720 908 1745 929 ι,

76 966 186 1006 sicut
222 965 264 1005 in
307 965 478 1005 racione
520 977 729 1012 mensure,
773 963 894 1015 cujus
933 962 1254 1003 demonstracio
1295 961 1602 1002 certificabitur

76 1033 263 1074 inferius.
328 1033 499 1073 Dicitur
527 1033 663 1073 eciam
692 1033 880 1085 pessima
905 1031 1082 1079 salsitas,
1109 1030 1285 1078 scilicet,
1318 1032 1435 1083 quod
1467 1044 1601 1070 unum

76 1108 141 1142 est
163 1108 338 1155 tempus
359 1114 591 1142 commune
611 1101 824 1149 omnibus,
852 1099 1026 1148 scilicet,
1048 1099 1166 1151 quod
1191 1105 1411 1139 mensurat
1433 1105 1602 1140 motum

75 1169 153 1210 celi
176 1183 184 1219 ;
217 1175 259 1209 et
281 1169 460 1222 quilibet
484 1175 626 1210 motus
656 1168 789 1209 habet
818 1168 1042 1221 proprium
1074 1175 1249 1219 tempus
1272 1173 1480 1220 tanquam
1505 1181 1603 1220 pro-

21 1259 55 1289 15
77 1237 212 1291 priam
245 1238 475 1290 periodum
508 1244 551 1278 et
585 1251 844 1285 mensuram,
879 1237 994 1277 unde
1022 1236 1115 1276 vult
1144 1236 1224 1276 hec
1253 1235 1449 1284 fantasia,
1482 1236 1601 1288 quod

78 1319 170 1346 esse
196 1305 430 1358 cujuslibet
459 1306 750 1359 corrupcionis
777 1305 909 1345 habet
939 1318 1063 1345 suum
1093 1311 1270 1357 tempus
1302 1304 1526 1357 proprium
1559 1310 1602 1344 et

76 1374 305 1427 precisum,
320 1375 437 1415 etita
455 1387 539 1414 non
557 1381 656 1415 sunt
671 1373 811 1413 solum
828 1373 952 1426 plura
969 1379 1170 1425 tempora
1186 1371 1323 1422 simul,
1339 1378 1404 1412 set
1423 1370 1601 1412 infinita.

135 1441 213 1483 Set
235 1442 314 1482 hec
336 1442 499 1496 posicio
516 1442 648 1483 habet
670 1441 1037 1484 contradicciones
1061 1440 1270 1494 proprias.
1322 1439 1478 1488 Primo,
1502 1440 1604 1492 quia

77 1510 149 1559 illi,
183 1511 257 1563 qui
292 1517 460 1565 ponunt
495 1511 676 1551 materie
706 1511 917 1551 unitatem
949 1523 1043 1549 esse
1076 1522 1251 1549 causam
1286 1508 1463 1548 unitatis
1494 1514 1602 1548 tem-

21 1604 59 1625 20
78 1580 207 1633 pori5‚
239 1586 407 1632 ponunt
442 1579 552 1621 hanc
586 1580 884 1632 posicionem;
918 1585 959 1619 et
994 1579 1104 1626 ideo,
1137 1576 1264 1617 simul
1297 1583 1465 1630 ponunt
1496 1582 1604 1616 tem-

77 1662 158 1701 pus
209 1661 303 1688 esse
349 1661 482 1688 unum
539 1662 717 1689 numero
769 1655 813 1689 et
864 1648 905 1686 in
953 1647 1170 1692 omnibus,
1217 1646 1327 1686 sicut
1376 1645 1603 1686 materiam

78 1730 207 1756 unam
240 1729 420 1757 numero
449 1724 493 1757 et
524 1717 566 1756 in
599 1717 827 1765 omnibus3
859 1722 900 1756 et
929 1716 1048 1768 quod
1078 1721 1179 1755 sunt
1212 1714 1336 1768 plura
1368 1720 1409 1754 et
1439 1713 1604 1754 infinita

76 1791 276 1838 tempora
316 1786 556 1826 secundum
595 1798 836 1833 numerum,
871 1791 914 1825 et
947 1785 1006 1824 ita
1038 1783 1342 1823 contradicunt
1374 1782 1455 1822 sibi
1489 1782 1604 1835 ipsis.

79 1852 292 1903 Secundo,
316 1860 438 1907 patet
470 1867 522 1894 eo
554 1855 671 1906 quod
703 1854 984 1906 reprobatum
1014 1857 1091 1899 est,
1113 1851 1230 1903 quod
1264 1857 1407 1891 motus
1439 1849 1518 1890 celi
1548 1849 1604 1890 sit

19 1938 56 1969 25
77 1933 206 1962 causa
230 1923 409 1962 unitatis
442 1923 665 1975 temporiS,
688 1928 731 1963 et
760 1921 903 1961 nullus
932 1927 1076 1960 motus
1110 1921 1237 1959 datus
1269 1919 1324 1958 sit
1353 1932 1483 1959 causa
1511 1918 1602 1958 dati

76 1990 296 2043 temporis.
362 1990 542 2039 Deinde,
576 1989 834 2031 Aristoteles
862 1996 903 2029 et
937 1988 1138 2041 Averoys
1173 1994 1215 2027 et
1251 1999 1402 2027 omnes
1431 1993 1608 2027 autores

77 2060 342 2098 concordant
369 2060 410 2098 in
438 2059 533 2107 hoc,
557 2060 675 2111 quod
705 2057 958 2112 inpossibile
987 2063 1052 2097 est
1086 2056 1210 2108 plura
1242 2061 1444 2108 tempora
1476 2054 1603 2094 simul

78 2141 181 2175 esse,
216 2133 262 2167 ut
294 2128 412 2179 prius
445 2129 671 2169 recitatum
714 2134 777 2168 est
811 2128 852 2167 in
886 2140 962 2166 sua
992 2123 1384 2178 demonst1·a(cione
1413 2130 1456 2164 et
1488 2123 1602 2171 alibi,
1625 2123 1659 2154 F.
1679 2123 1756 2164 9⁵³b
1776 2130 1809 2155 ²}

78 2195 119 2234 in
162 2194 354 2248 capitulo
386 2195 438 2235 de
476 2203 670 2249 tempore,
705 2196 809 2236 dicit
846 2196 962 2248 quod
1006 2207 1092 2235 non
1133 2199 1315 2246 possunt
1352 2206 1445 2233 esse
1479 2192 1605 2246 plura

20 2280 58 2309 30
79 2265 288 2304 instancia
319 2264 459 2313 simul,
492 2278 568 2304 nec
600 2264 743 2317 plures
765 2265 872 2313 dies,
909 2277 985 2305 nec
1020 2263 1163 2316 plures
1193 2262 1305 2311 anni,
1341 2275 1419 2302 nec
1459 2260 1606 2313 aliqua

78 2332 161 2372 alia
184 2338 383 2385 tempora
404 2333 529 2373 simul
558 2333 692 2386 plura.
754 2333 814 2373 Et
847 2338 1047 2386 potenter
1068 2332 1167 2372 volo
1190 2332 1490 2372 demonstrare
1511 2329 1606 2376 hoc,

78 2414 153 2452 per
185 2401 296 2442 hanc
331 2402 472 2442 viam:
508 2415 636 2442 omne
669 2402 1049 2452 dimensionatum,
1085 2400 1184 2440 licet
1221 2414 1245 2440 a
1276 2406 1399 2452 parte
1433 2412 1484 2439 ea
1519 2412 1608 2451 qua

79 2469 443 2510 dimensionatum
485 2476 561 2520 est,
604 2470 810 2512 excludat
846 2469 961 2509 aliud
1012 2482 1157 2509 secum
1201 2481 1226 2507 a
1267 2481 1344 2508 sua
1397 2479 1608 2514 mensura,

123 2591 165 2620 29
188 2585 232 2613 de
250 2582 433 2624 tempore]
453 2581 554 2621 Plzys.
572 2581 615 2612 iv.
631 2591 683 2620 90.

128 2691 140 2710 1
169 2681 218 2722 et]
236 2682 266 2712 ei
284 2682 346 2711 FD
443 2693 462 2712 2
487 2681 672 2721 subjectas]
690 2681 839 2719 adjectas
859 2680 891 2709 D
983 2680 1021 2708 16
1045 2677 1236 2718 cujuslibet]
1255 2676 1348 2715 cujus
1365 2676 1400 2706 D
1488 2675 1607 2715 habet]

81 2732 203 2763 habeat
220 2733 254 2762 D
432 2743 470 2772 19
494 2733 673 2773 unitatem]
692 2732 855 2762 unitatem
874 2730 1028 2761 essencie
1047 2729 1081 2759 D
1254 2738 1295 2767 23
1321 2733 1474 2767 tempora
1490 2737 1554 2757 om.
1574 2726 1609 2756 D

81 2793 121 2822 24
147 2794 187 2814 eo
203 2794 269 2815 om.
288 2783 350 2814 FD
501 2794 541 2823 25
566 2784 649 2824 dati]
668 2784 744 2814 data
761 2783 792 2813 F
946 2792 984 2820 27
1009 2781 1090 2821 hoc]
1108 2781 1170 2811 hec
1189 2780 1222 2810 D
1368 2788 1410 2818 33
1433 2778 1607 2818 excludat]

79 2835 226 2866 excludit
243 2835 275 2865 F
358 2835 448 2866 aliud
465 2846 529 2867 om.
551 2835 584 2865 D
