1898 3126
89 632 130 659 l‘).
150 630 189 668 6,-
210 641 237 660 a.

42 1248 77 1279 F.
101 1248 240 1277 111b1.

978 108 1059 152 254

255 222 428 266 teinpus
450 225 589 253 suum.
654 211 937 264 Corrupcioni
957 211 1088 263 igitur
1105 210 1336 262 respondet
1359 216 1532 262 tempus
1554 207 1598 248 A
1622 207 1791 248 finitum

257 289 301 322 et
323 280 454 322 nichil
477 280 607 321 aliud.
685 279 763 321 Set
789 279 883 319 finis
905 280 1116 332 temporis
1144 284 1209 319 est
1239 278 1415 325 instans,
1438 283 1481 318 et
1503 290 1528 317 a
1561 282 1684 330 parte
1707 289 1793 316 una

256 363 342 391 non
375 356 523 402 potest
549 349 710 389 habere
741 348 821 388 nisi
859 348 988 388 finem
1012 360 1157 396 unum,
1181 360 1285 400 ergo
1307 346 1389 386 hoc
1421 353 1596 398 tempus
1627 345 1674 385 A
1705 356 1791 384 non

258 426 402 473 potest
431 419 591 459 habere
621 417 701 457 nisi
725 430 860 457 unum
890 417 1058 456 instans
1089 429 1114 456 a
1143 422 1267 469 parte
1289 421 1402 468 post,
1426 414 1537 454 sicut
1565 427 1651 454 una
1680 413 1794 453 linea

257 487 390 529 habet
414 501 548 527 unum
571 492 779 539 punctum
804 499 828 524 a
851 491 974 538 parte
997 497 1094 524 una.
1158 483 1226 524 Sit
1259 483 1391 537 igitur
1412 482 1518 523 illud
1545 483 1709 523 instans
1732 480 1793 529 C;

258 556 388 608 igitur
410 555 702 607 complebitur
730 561 826 595 tota
848 553 1074 606 corrupcio
1105 554 1146 593 in
1178 553 1223 593 A
1247 552 1370 592 finito
1399 565 1474 604 per
1497 551 1558 600 C3
1591 557 1657 591 set
1683 551 1795 591 sicut

261 627 516 677 intempore
530 630 630 664 sunt
656 621 661 674 1
693 623 794 673 duo,
811 623 872 663 sic
890 622 932 661 in
947 622 1318 663 transmutacione
1333 622 1369 661 ei
1389 620 1680 673 respondente
1694 625 1797 660 sunt

262 695 360 741 duo,
378 693 549 738 scilicet,
572 692 751 744 aliquod
774 691 1067 732 successivum
1092 691 1134 730 in
1158 695 1340 743 utraque
1363 696 1498 742 parte,
1520 695 1563 730 θῖ
1592 688 1771 742 aliquod
1791 685 1794 741 Ι

234 792 239 799 .
268 760 529 801 indivisibile
550 760 762 801 similiter.
826 759 949 801 Sicut
972 761 1086 800 enim
1111 759 1302 800 essencia
1325 758 1533 812 temporis
1555 756 1795 799 successiva

263 843 308 870 se
341 829 473 870 habet
505 829 560 869 ad
593 829 920 882 corrupcionem
953 829 1254 877 successivam,
1278 828 1337 868 sic
1369 827 1465 867 finis
1497 826 1709 879 temporis
1741 826 1796 865 ad

263 898 394 938 finem
416 898 708 950 corrupcionis
728 912 735 946 ;
768 911 873 950 ergo
896 898 1008 938 sicut
1030 903 1124 938 tota
1155 897 1381 949 corrupcio
1404 896 1647 937 successiva
1669 900 1733 935 est
1756 894 1798 933 in

264 973 359 1008 toto
391 973 602 1020 tempore,
628 967 688 1007 sic
720 966 982 1006 indivisibile
1011 979 1086 1006 seu
1119 964 1215 1006 finis
1245 965 1551 1018 corrupcionis‚
1583 963 1702 1017 quod
1733 968 1798 1003 est

264 1043 516 1088 corruptum
540 1049 634 1076 esse
655 1049 730 1076 seu
754 1035 933 1076 ultimus
956 1035 1101 1076 exitus
1126 1035 1168 1074 in
1184 1048 1273 1075 non
1294 1048 1399 1082 esse,
1419 1035 1498 1074 erit
1521 1035 1562 1073 in
1584 1032 1669 1073 fine
1689 1038 1798 1072 tem-

265 1105 409 1158 poris;
447 1117 551 1156 ergo
587 1104 629 1143 in
667 1103 700 1144 C
740 1110 971 1158 corruptus
1003 1110 1069 1144 est
1107 1103 1294 1144 finaliter
1335 1103 1545 1143 terminus
1577 1116 1602 1142 a
1635 1114 1724 1154 quo
1757 1105 1800 1140 et

265 1174 482 1227 complete
505 1186 593 1213 non
617 1179 696 1222 est,
718 1186 822 1225 ergo
845 1172 885 1212 in
919 1174 1076 1214 eodem
1111 1171 1144 1212 C
1178 1185 1264 1212 non
1298 1178 1443 1225 potest
1476 1171 1559 1212 dici
1590 1169 1709 1223 quod
1731 1169 1799 1210 sit.

265 1243 412 1296 Quare
434 1255 512 1296 pro
537 1241 570 1282 C
596 1255 682 1282 non
711 1243 925 1295 contingit
955 1242 960 1296 l
986 1242 1127 1282 dicere
1159 1255 1272 1282 nunc
1305 1241 1459 1281 ultimo
1490 1246 1554 1281 est
1590 1238 1801 1280 terminus

266 1328 290 1353 a
320 1326 407 1365 quo
428 1325 435 1361 ;
487 1324 566 1351 nec
596 1318 661 1351 θεῖ
704 1311 761 1351 ibi
803 1311 922 1352 aliud
965 1312 1140 1360 instans,
1173 1324 1275 1363 ergo
1318 1323 1404 1350 non
1439 1309 1656 1361 contingit
1698 1308 1801 1348 dare

265 1380 444 1433 aliquod
489 1380 652 1420 instans
690 1380 731 1419 in
767 1392 855 1433 quo
890 1380 1045 1421 ultimo
1083 1387 1148 1420 est
1191 1380 1401 1420 terminus
1435 1393 1460 1419 a
1495 1392 1594 1431 quo.
1658 1376 1735 1417 Set
1767 1376 1800 1417 si

267 1450 465 1490 dicamus
488 1450 624 1489 ‘nunc
647 1448 803 1488 ultimo
821 1455 885 1490 est
903 1447 927 1497 ',
946 1450 1026 1491 erit
1045 1462 1150 1501 ergo
1173 1463 1253 1501 pro
1277 1448 1422 1501 aliqua
1445 1454 1568 1501 parte
1590 1445 1801 1499 temporis

269 1518 422 1559 ultima
439 1531 523 1570 que
542 1530 618 1570 per
635 1517 903 1559 intellectum
922 1525 1067 1570 potest
1086 1518 1218 1570 accipi
1237 1531 1314 1570 per
1331 1517 1586 1557 divisionem
1603 1515 1742 1556 tocius
1755 1513 1800 1554 A

269 1587 478 1640 temporis
500 1587 547 1626 in'
572 1585 741 1638 aliquot
771 1592 913 1639 partes
947 1586 1176 1640 aliquotas,
1200 1593 1247 1626 ut
1277 1587 1537 1626 medietates
1558 1583 1624 1625 vel
1646 1583 1803 1624 tercias

270 1655 334 1696 vel
358 1661 536 1708 quartas
558 1655 625 1695 vel
650 1662 757 1707 quot
778 1655 993 1703 volumus,
1015 1662 1057 1696 et
1091 1656 1151 1695 ita
1184 1661 1307 1708 patet
1335 1655 1525 1707 primum
1553 1653 1673 1706 quod
1701 1664 1802 1705 sup-

270 1724 463 1777 positum
486 1729 563 1773 est,
586 1723 762 1772 scilicet,
786 1724 903 1777 quod
919 1724 1144 1776 corrupcio
1162 1724 1301 1764 finalis
1319 1723 1493 1764 termini
1516 1736 1541 1762 a
1563 1735 1651 1775 quo
1672 1727 1738 1761 est
1761 1720 1803 1759 in

270 1793 355 1833 fine
378 1792 588 1845 temporis
611 1793 901 1833 mensurantis
922 1794 1251 1846 corrupcionem
1273 1793 1411 1845 ipsam
1435 1790 1736 1837 successivam,
1756 1795 1804 1829 ut

272 1874 360 1901 non
394 1861 619 1914 contingat
652 1861 758 1901 dare
791 1862 968 1913 aliquod
1002 1862 1167 1902 instans
1199 1862 1240 1900 in
1273 1875 1361 1913 quo
1393 1861 1617 1914 contingat
1650 1858 1804 1907 dicere,

271 1935 278 1949 ί
296 1943 409 1970 nunc
425 1929 582 1969 ultimo
599 1935 665 1969 est
680 1930 891 1970 terminus
906 1944 931 1970 a
946 1929 1057 1983 quo‚’
1072 1937 1138 1971 set
1155 1929 1297 1970 solum
1315 1929 1462 1982 aliqua
1479 1942 1578 1982 pars
1595 1927 1805 1980 temporis

274 1999 563 2039 mensurantis
587 2004 725 2039 totam
750 2000 1094 2051 corrupcionem.

333 2066 534 2108 Secunda
559 2067 718 2107 veritas
741 2067 864 2108 istius
887 2067 1122 2121 posicionis
1145 2074 1209 2108 est
1239 2068 1359 2119 quod
1391 2065 1618 2121 generacio
1639 2077 1805 2105 succes-

273 2136 366 2175 siva
388 2135 563 2175 termini
593 2136 648 2176 ad
679 2149 809 2188 quem
841 2142 907 2177 est
930 2136 972 2176 in
995 2137 1040 2177 A
1073 2144 1284 2189 tempore,
1305 2142 1349 2176 et
1378 2135 1477 2175 finis
1510 2131 1806 2188 generacionis

274 2211 338 2245 est
382 2204 424 2243 in
461 2203 544 2244 fine
581 2206 804 2257 temporiS,
845 2206 1011 2247 scilicet
1053 2205 1094 2245 in
1135 2205 1182 2255 C,
1220 2206 1279 2246 ita
1313 2206 1432 2257 quod
1475 2205 1518 2245 in
1550 2202 1731 2245 instanti
1770 2199 1804 2241 C

276 2278 529 2326 generatum
552 2279 630 2323 est,
646 2281 689 2314 et
712 2273 760 2314 fit
778 2273 955 2315 ultimus
972 2275 1117 2315 exitus
1139 2280 1182 2314 et
1197 2274 1443 2326 completus
1466 2274 1507 2314 in
1527 2286 1620 2314 esse
1637 2269 1808 2313 termini

277 2342 331 2381 ad
355 2354 499 2394 quem.
563 2342 621 2382 Et
644 2343 786 2395 primo
809 2349 933 2396 patet
954 2344 1085 2396 quod,
1109 2344 1213 2383 dum
1238 2342 1286 2383 fit
1309 2342 1531 2395 corrupcio
1553 2341 1808 2391 successiva,

277 2409 325 2449 fit
347 2410 574 2462 generacio
603 2412 857 2460 successiva,
879 2418 922 2453 et
951 2412 1056 2452 dum
1085 2411 1130 2452 fit
1161 2411 1341 2452 ultimus
1373 2411 1519 2451 exitus
1544 2411 1586 2450 in
1608 2423 1694 2451 non
1716 2423 1809 2450 esse

274 2479 449 2518 termini
491 2492 516 2518 a
553 2492 652 2532 quo,
688 2479 737 2519 fit
771 2479 952 2521 ultimus
985 2481 1129 2521 exitus
1167 2480 1208 2520 in
1247 2493 1340 2520 esse
1372 2479 1542 2520 termini
1572 2479 1628 2519 ad
1664 2491 1808 2532 quern.

326 2578 339 2597 1
367 2567 569 2608 respondet]
587 2569 808 2608 respondebit
826 2569 860 2599 D
1084 2570 1105 2599 6
1129 2569 1241 2610 finito]
1259 2579 1325 2600 om.
1344 2569 1378 2599 D
1608 2568 1628 2598 8
1653 2567 1705 2608 in]
1723 2578 1767 2598 ex
1782 2568 1816 2598 F

280 2629 301 2659 9
325 2618 419 2649 Sicut
436 2619 543 2659 enim]
561 2619 622 2651 Set
640 2620 724 2651 sicut
741 2621 774 2651 F
930 2631 969 2661 13
993 2632 1053 2653 seu
1071 2645 1079 2652 .
1100 2646 1106 2651 .
1126 2646 1132 2654 .
1151 2631 1227 2652 esse
1244 2632 1309 2652 om.
1328 2621 1360 2651 F
1518 2630 1555 2659 15
1579 2619 1633 2652 sit.
1681 2619 1810 2659 Quare]

280 2671 328 2701 sic
345 2671 497 2709 queritur
512 2671 546 2701 F
708 2673 748 2702 16
772 2672 878 2713 nunc]
896 2683 969 2704 curn
988 2674 1020 2703 F
1182 2683 1221 2712 19
1245 2672 1342 2713 ergo]
1360 2673 1423 2703 hoc
1442 2671 1510 2701 DF
1668 2681 1710 2701 22
1730 2677 1810 2710 quot

283 2722 450 2763 volumus]
468 2723 629 2762 quotlibet
646 2723 793 2754 volueris
810 2724 844 2753 D
859 2736 865 2754 :
889 2724 1053 2764 quotlibet
1067 2724 1232 2755 voluimus
1244 2725 1276 2754 F
1358 2725 1402 2754 ita
1420 2734 1484 2755 om.
1499 2724 1530 2753 F
1612 2733 1651 2762 31
1670 2732 1812 2762 genera-

281 2777 350 2804 tum
368 2773 435 2814 est]
453 2784 518 2806 om.
537 2774 572 2804 D
704 2785 745 2814 33
770 2775 820 2816 in]
839 2780 872 2806 et
889 2776 921 2806 F

1822 844 1860 866 10

1822 1185 1860 1215 15

1826 1527 1866 1549 20

1828 1869 1867 1901 25

1829 2211 1871 2241 30
