1898 3126
6 146 11 210 f
818 136 897 177 249

95 244 248 293 postea
273 238 378 279 dicit
399 238 477 278 hec
498 237 631 278 verba
652 253 659 278 :
694 243 782 278 ‘est
805 243 953 279 autem
980 238 1090 278 alius
1118 238 1225 278 liber
1247 244 1392 291 preter
1413 238 1493 279 hos
1515 238 1626 279 duos

96 309 136 348 in
169 321 257 360 quo
289 307 414 360 posui
445 306 770 360 philosophiam
816 308 1056 347 secundum
1097 307 1140 347 id
1184 307 1301 359 quod
1345 306 1437 359 ejus
1476 313 1543 348 est
1585 308 1626 347 in

96 383 251 416 natura
283 382 326 416 et
358 376 598 416 secundum
632 376 675 416 id
706 376 825 428 quod
855 375 993 429 exigit
1025 375 1169 428 opinio
1201 389 1320 428 pura,
1356 388 1443 415 non
1481 375 1626 415 obser-

95 445 239 485 vando
260 444 461 485 semitam
485 450 560 484 aut
582 450 751 498 partem
782 443 787 499 Ι
813 446 868 485 ad
904 458 1037 498 quam
1068 443 1287 485 declinant
1319 444 1552 498 participes
1585 444 1625 484 in
1650 458 1686 492 72
1707 463 1723 481 a
1746 461 1773 481 ι.

61 526 77 556 5
96 519 202 565 arte,
224 527 365 566 neque
387 513 664 554 formidando
686 527 710 554 a
733 527 908 554 suarum
932 514 1091 555 ictibus
1113 513 1375 563 lancearum,
1397 512 1479 554 hoc
1509 514 1626 566 quod

97 583 178 623 fuit
210 583 252 622 in
282 582 375 622 aliis
404 581 701 633 formidatum,
725 589 768 624 et
799 583 869 623 hic
901 591 968 624 est
991 596 1113 623 meus
1139 583 1248 623 liber
1281 584 1323 623 in
1350 581 1629 636 Philosophia

102 650 343 693 Orientali)
397 651 754 705 Sapientissimus
783 650 787 707 Ι
815 653 927 692 enim
951 652 1314 705 philosophorum
1337 658 1438 704 post
1456 651 1627 692 Aristo·
1650 661 1693 692 D.
1711 659 1750 700 65
1774 660 1805 690 b.

98 720 229 762 telem
261 721 386 761 scivit
418 722 536 773 quod
570 726 749 775 propter
781 721 1062 762 invidiamet
1093 721 1343 774 superbiam
1377 721 1630 767 multorum,

99 796 142 831 et
164 790 431 842 impericiam
454 789 587 843 vulgi,
608 791 844 842 oportebat
866 804 965 831 eum
989 790 1107 843 loqui
1131 797 1178 830 ut
1204 790 1348 843 plures
1372 790 1414 830 in
1438 790 1631 830 edicione

0 888 7 902 ι,
45 875 81 898 ιο
99 859 290 913 vulgata,
313 860 513 912 quamvis
536 872 635 900 cum
659 860 808 913 paucis
835 860 1116 900 senciendum
1141 860 1222 899 sibi
1246 859 1358 899 foret
1390 859 1431 903 in
1463 863 1628 899 secreta

100 927 373 981 philosophie
415 928 623 969 doctrina.
705 927 778 968 Sic
823 929 936 968 enim
981 928 1247 968 Aristoteles
1289 928 1382 981 ejus
1426 928 1633 980 magister

99 997 238 1039 edidit
263 997 464 1050 vulgatas
490 997 724 1050 scripturas
753 998 809 1038 de
840 998 1039 1051 partibus
1070 997 1344 1051 philosophie
1370 1003 1515 1051 preter
1538 996 1633 1036 illas

101 1079 209 1119 quas
232 1066 274 1105 in
295 1065 539 1107 armariolis
563 1067 742 1107 retinuit
765 1067 999 1107 sinceriora
1021 1066 1239 1120 sapiencie
1269 1072 1449 1115 secreta,
1472 1072 1519 1106 ut
1540 1064 1633 1106 vult

4 1187 5 1190 Ἴ
101 1132 272 1173 Tullius
305 1136 350 1183 5⁰
384 1131 772 1173 Aclmdemz'cornm
805 1133 926 1173 libro.
990 1133 1049 1172 Et
1081 1133 1180 1173 ideo
1212 1145 1298 1173 non
1330 1132 1494 1173 debent
1526 1131 1634 1171 Avi-

0 1219 6 1253 :1
48 1219 82 1251 15
102 1214 236 1243 cenne
259 1201 415 1241 ascribi
438 1214 524 1253 que
548 1202 784 1242 recitantur
807 1202 848 1241 in
873 1201 984 1242 libro
1010 1201 1286 1255 Safficiencie,
1308 1201 1408 1254 quia
1431 1201 1635 1242 recitator

103 1277 167 1311 est
201 1269 259 1310 ibi
290 1270 609 1310 sentenciarum
643 1270 920 1323 philosophie
941 1270 1232 1323 vulgatarum‚
1254 1270 1420 1323 absque
1441 1284 1493 1311 eo
1516 1270 1633 1322 quod

102 1338 366 1380 determinet
399 1339 440 1377 in
479 1351 531 1378 eo
567 1339 671 1391 quid
707 1338 763 1379 sit
795 1338 1033 1380 tenendum
1069 1344 1113 1379 et
1149 1338 1255 1391 quid
1290 1352 1404 1387 non3
1437 1339 1555 1391 quod
1593 1338 1635 1377 in

3 1453 6 1462 ἶ
102 1408 212 1449 libro
237 1407 577 1459 Dependencinm
600 1406 713 1459 fecit,
734 1412 776 1447 et
803 1408 995 1446 maxime
1024 1407 1065 1446 in
1096 1406 1374 1460 Philosophia
1407 1406 1636 1456 Orientali,

3 1467 7 1532 ᾗ
104 1477 177 1517 ubi
203 1489 358 1529 puram
389 1475 667 1528 philosophie
698 1476 928 1516 veritatem
962 1476 1282 1516 determinavit.
1347 1476 1406 1516 Et
1436 1475 1534 1516 idco
1561 1489 1638 1528 per

0 1563 7 1581 ι
48 1562 87 1584 20
106 1546 236 1586 libros
281 1544 510 1585 Avicenne
555 1545 609 1584 dc
654 1544 932 1597 philosophia
977 1544 1179 1596 vulgatos
1230 1558 1453 1597 nunquam
1507 1544 1638 1584 debet

105 1615 225 1667 argui
259 1619 470 1665 tanquam
504 1626 581 1666 per
612 1613 917 1653 auctoritatem
950 1612 1194 1661 Avicenne,
1227 1613 1330 1665 quia
1361 1614 1547 1664 ipsemet
1579 1613 1638 1653 eis

105 1697 226 1724 suam
264 1683 452 1734 denegat
489 1682 795 1722 auctoritatem
837 1688 1048 1734 tanquam
1090 1681 1274 1722 aliorum
1319 1682 1636 1722 sentenciarum

107 1751 322 1793 recitator.
386 1751 445 1790 Et
477 1750 558 1790 hoc
592 1750 773 1790 omnino
805 1750 1170 1790 considerandum
1203 1757 1268 1790 est
1299 1763 1379 1802 pro
1413 1750 1532 1789 libris
1564 1750 1637 1802 qui

106 1820 333 1861 Avicenne
374 1819 649 1860 ascribuntur
695 1824 737 1858 et
784 1817 998 1870 Algazeli‚
1040 1818 1249 1871 quoniam
1297 1819 1358 1858 eis
1402 1831 1488 1858 non
1538 1824 1638 1858 sunt

0 1911 1 1933 i
51 1903 86 1934 25
107 1888 351 1930 ascribendi
384 1888 464 1927 nisi
501 1893 712 1940 tanquam
757 1886 1056 1927 recitatoribus
1098 1900 1186 1926 non
1228 1886 1491 1934 auctoribus,
1527 1887 1636 1926 sicut

0 1942 2 1964 ⁵
106 1958 282 2012 ipsimet
309 1955 464 1997 volunt
491 1956 533 1995 in
563 1955 757 2008 prologis
789 1954 958 1995 illorum
989 1954 1211 1995 librorum.
1273 1954 1351 1995 Set
1383 1954 1444 1994 illi
1470 1955 1640 2008 prologi

4 2022 7 2080 l
107 2026 240 2080 vulgo
262 2032 363 2066 sunt
387 2025 524 2072 invisi,
547 2030 726 2076 propter
748 2024 867 2075 quod
893 2030 1005 2063 errat
1028 2024 1141 2064 circa
1163 2024 1442 2064 autoritatem
1467 2023 1638 2064 illorum

5 2082 7 2086 Ι
108 2095 329 2143 librorum,
363 2100 406 2134 et
447 2099 552 2133 tunc
595 2092 730 2132 utitur
765 2092 826 2132 eis
861 2097 1069 2143 tanquam
1112 2092 1372 2132 auctoritate
1412 2090 1640 2132 Avicenne

2 2089 7 2216 i
108 2170 153 2204 et
201 2161 425 2216 Algazelis
476 2167 621 2202 essent
671 2160 875 2201 stabilita.
962 2160 1020 2200 Et
1068 2174 1278 2214 magnum
1332 2160 1639 2201 inconveniens

0 2277 1 2290 2
54 2245 93 2276 30
109 2233 246 2273 oritur
268 2245 324 2271 ex
354 2231 449 2279 hoc,
472 2229 679 2283 quoniam
709 2229 856 2281 alique
886 2242 1041 2281 graves
1074 2229 1298 2284 falsitaltes
1330 2230 1567 2270 recitantur
1599 2231 1640 2270 in
1663 2247 1698 2281 72
1718 2251 1735 2270 a
1755 2249 1784 2270 ε,

153 2363 183 2400 6,
203 2362 242 2391 18
259 2361 506 2396 Philosophia
523 2358 724 2400 Orientali]
743 2358 949 2388 Al-Hikmat
974 2358 1285 2398 al-Mashriqiyyat.
1339 2358 1393 2390 No
1413 2359 1485 2390 MS.
1506 2360 1641 2390 known.

113 2415 179 2446 See
194 2413 344 2444 Lexicon
360 2412 438 2451 Haji
453 2411 600 2442 Khalfae
620 2411 763 2452 (Ffflgel,
779 2411 822 2442 iii.
840 2412 927 2451 104).
960 2411 1033 2441 The
1050 2416 1129 2442 note
1143 2411 1172 2442 is
1186 2416 1245 2442 not
1258 2412 1291 2442 in
1305 2422 1372 2451 any
1386 2412 1424 2442 of
1436 2412 1493 2442 the
1507 2413 1644 2450 printed

112 2466 270 2504 editions,
286 2465 384 2495 Latin
402 2474 441 2494 or
452 2463 586 2494 Arabic.
668 2473 705 2501 14
723 2465 871 2494 Tullius
887 2469 922 2502 50
934 2462 1288 2503 Achademicorum]
1305 2463 1354 2493 De
1365 2463 1504 2494 Finibus
1518 2475 1547 2493 v.
1565 2475 1596 2502 4,
1610 2473 1642 2503 5.

160 2593 173 2613 1
200 2581 303 2622 alius]
320 2580 405 2611 alius
423 2579 502 2609 mihi
519 2579 552 2608 F
710 2587 730 2607 2
753 2576 1022 2617 philosophiam]
1039 2577 1201 2616 phisicam
1219 2577 1252 2607 F
1412 2580 1477 2617 5-6
1502 2579 1564 2609 hoc
1583 2603 1590 2609 .
1610 2604 1615 2610 .
1633 2604 1640 2610 .

113 2634 327 2666 formidatum
344 2643 410 2663 om.
429 2631 461 2661 F
559 2640 598 2661 10
615 2628 762 2668 secreta]
780 2634 874 2659 recta
888 2629 928 2658 M
1027 2638 1065 2658 12
1082 2628 1171 2669 illas]
1183 2629 1244 2659 has
1260 2629 1295 2658 D
1387 2639 1424 2668 13
1441 2630 1642 2670 sinceriora]

114 2686 275 2717 interiora
292 2685 326 2714 D
454 2693 490 2721 17
515 2683 547 2712 in
565 2692 605 2712 eo
623 2681 700 2720 quid
717 2680 778 2721 sit]
797 2681 861 2711 hoc
879 2680 923 2711 ibi
939 2679 987 2710 sic
1003 2679 1039 2710 D
1156 2690 1194 2710 21
1221 2679 1287 2721 eis]
1306 2681 1336 2710 ei
1352 2680 1386 2710 F
1501 2691 1542 2720 23
1566 2682 1641 2722 qui]

113 2748 178 2777 que
198 2737 224 2767 F
335 2747 376 2774 24
400 2733 631 2774 ascribuntur]
649 2733 876 2764 attribuuntur
892 2732 927 2763 D
1038 2742 1078 2771 27
1104 2731 1220 2772 invisi]
1237 2732 1334 2763 amisi
1352 2731 1386 2761 D
1497 2734 1539 2763 28
1562 2737 1642 2763 tunc

114 2799 181 2821 om.
199 2789 231 2819 F

182 2868 243 2886 mn.
254 2867 283 2884 ιιι
856 2848 878 2879 S
