1898 3126
808 132 889 175 307

85 233 254 273 cionem
296 234 351 273 ad
398 234 687 285 quantitatem
725 234 1009 287 corporalem,
1047 248 1123 275 nec
1160 235 1291 275 situm
1329 234 1371 275 in
1414 248 1605 288 corpore,

85 309 132 342 ut
169 303 285 354 prius
319 303 655 343 determinatum
692 310 757 343 est
797 303 837 342 in
875 303 1180 355 quescionibus
1219 305 1274 344 de
1307 303 1505 357 Angelis,
1543 313 1609 345 set

84 385 170 410 non
193 377 257 411 est
288 371 369 411 hoc
400 384 549 411 verum
583 372 637 412 de
669 372 814 412 anima
845 372 1053 412 sensitiva
1084 380 1126 412 et
1159 372 1362 424 precipue
1390 373 1431 412 in
1461 373 1609 422 brutis,

84 440 218 479 immo
240 440 341 491 quia
363 447 427 480 est
449 440 607 480 educta
629 441 684 480 de
707 442 908 493 potencia
927 441 1107 481 materie
1125 440 1361 493 corporalis
1378 446 1421 481 et
1435 448 1607 494 quante.

46 526 62 554 ς,
88 508 194 548 Ideo
224 515 398 560 oportet
421 509 538 560 quod
562 511 824 549 extendatur
846 509 899 549 ad
935 510 1115 549 modum
1137 508 1383 549 formarum
1405 510 1606 550 substan-

83 576 266 626 cialium,
287 577 368 617 hoc
397 586 461 617 est
489 584 534 617 ut
558 591 656 631 pars
679 579 823 617 anime
851 579 906 618 sit
928 578 970 617 in
1000 584 1123 630 parte
1141 578 1352 628 corporis,
1374 577 1485 618 sicut
1508 592 1605 631 pars

83 644 220 684 forme
260 645 561 686 substancialis
603 646 712 699 ignis
757 655 822 687 est
863 647 904 686 in
938 654 1062 699 parte
1109 646 1227 698 ignis.
1297 646 1417 686 Inter
1457 654 1606 686 tamen

83 727 233 753 omnes
254 714 413 754 formas
435 715 614 755 eductas
636 716 690 756 de
720 716 919 768 potencia
941 715 1119 755 materie
1149 720 1311 767 quante
1344 721 1387 755 et
1409 721 1605 764 extense,

82 783 160 822 hec
184 783 376 823 maxime
399 784 560 825 recedit
581 797 607 823 a
635 784 893 836 quantitatis
920 784 1193 837 proprietate.
1211 784 1313 836 quia
1337 784 1522 824 nobilior
1542 791 1607 825 est

23 868 63 889 10
82 857 124 891 et
168 852 304 904 magis
344 852 583 892 assimilata
616 851 921 904 spiritualibus.
1005 852 1124 893 Dicit
1157 859 1305 892 tamen
1343 852 1606 893 Aristoteles

82 924 126 958 2⁰
152 919 218 959 De
248 921 287 959 A
295 921 415 960 nima
436 922 553 973 quod
576 921 686 961 sicut
708 935 753 961 se
775 921 907 962 habet
929 927 1023 961 tota
1039 921 1184 961 anima
1205 921 1261 961 ad
1284 927 1426 962 totum
1449 934 1605 972 corpus

80 988 140 1028 sic
159 1002 257 1040 pars
274 989 419 1028 anime
436 990 491 1029 ad
510 998 680 1042 partem
698 990 891 1042 corporis
909 996 952 1030 et
970 990 1067 1029 ideo
1088 1003 1188 1043 pars
1205 996 1270 1030 est
1293 989 1335 1029 in
1358 996 1498 1041 parte.
1545 989 1603 1029 Et

82 1056 141 1096 sic
164 1057 363 1097 extendit
385 1057 639 1098 secundario
662 1058 717 1098 ad
739 1058 1039 1098 extensionem
1061 1057 1264 1110 corporis.
1345 1057 1424 1098 Set
1446 1058 1479 1097 si
1503 1057 1607 1097 dici-

81 1132 152 1164 tur
187 1126 304 1176 quod
341 1132 446 1168 tunc
481 1127 515 1166 si
550 1140 648 1179 pars
682 1127 867 1166 hominis
910 1127 1129 1166 dividatur
1164 1125 1232 1166 vel
1265 1140 1363 1179 pars
1398 1126 1506 1165 asini
1538 1125 1604 1166 vel

25 1210 60 1240 ¹5
83 1193 218 1233 leonis
258 1194 324 1234 vel
359 1195 493 1242 bovis,
529 1197 648 1247 quod
683 1203 827 1248 partes
861 1195 966 1234 fiant
991 1192 997 1248 Ι
1027 1195 1243 1243 animalia,
1276 1195 1506 1234 dicendum
1541 1201 1606 1234 est
1627 1201 1705 1241 89b
1725 1209 1750 1230 2.

82 1263 200 1315 quod
225 1277 310 1303 non
334 1265 540 1316 sequitur.
603 1265 661 1304 Et
685 1271 830 1316 potest
858 1264 942 1304 dici
970 1263 1039 1304 hic
1066 1264 1236 1303 duobus
1265 1263 1416 1303 modis.
1483 1263 1607 1303 Unus

81 1339 144 1372 est
167 1333 284 1385 quod
300 1334 447 1373 anima
460 1334 707 1387 vegetativa
722 1334 853 1373 habet
874 1332 1082 1385 majorem
1103 1338 1368 1385 potestatem
1387 1331 1430 1370 in
1447 1331 1608 1384 plantis

80 1415 214 1452 quam
256 1402 298 1441 in
341 1402 602 1441 animalibus
636 1408 679 1442 et
715 1402 860 1442 anima
902 1401 1107 1441 sensitiva
1142 1400 1275 1440 habet
1314 1399 1525 1452 majorem
1566 1399 1608 1439 in

80 1470 218 1510 brutis
249 1483 380 1522 quam
423 1470 465 1511 in
496 1470 682 1519 homine,
716 1470 817 1522 quia
853 1469 1005 1522 planta
1038 1483 1124 1510 non
1159 1468 1292 1509 habet
1327 1468 1461 1508 aliam
1502 1481 1606 1520 per—

23 1553 61 1574 20
81 1538 318 1578 seccionem
345 1552 422 1579 1166
451 1552 528 1579 sua
554 1539 701 1578 anima
727 1546 791 1579 est
819 1539 862 1578 in
887 1539 1087 1591 potencia
1114 1537 1170 1578 ad
1201 1536 1318 1577 aliud
1353 1537 1420 1577 cui
1448 1537 1607 1577 debeat

81 1606 295 1647 famulari.
357 1607 450 1648 Nec
471 1608 677 1648 sensitiva
699 1608 740 1647 in
768 1607 904 1647 brutis
926 1613 990 1647 est
1021 1607 1063 1646 in
1086 1605 1288 1658 potencia
1314 1606 1369 1645 ad
1392 1605 1518 1654 aliud,
1541 1611 1606 1645 set

79 1683 144 1717 est
165 1676 344 1716 domina
372 1676 448 1716 sui.
510 1676 612 1716 Non
640 1676 701 1716 sic
729 1676 975 1729 vegetativa
1003 1675 1045 1715 in
1070 1674 1330 1714 animalibus
1363 1687 1442 1714 nec
1473 1673 1608 1713 sensi-

79 1746 168 1785 tiva
201 1745 243 1785 in
274 1745 451 1785 homine
472 1745 575 1797 quia
599 1745 803 1785 sensitiva
829 1751 872 1784 et
905 1744 1152 1797 vegetativa
1179 1743 1221 1782 in
1256 1743 1431 1782 homine
1467 1742 1604 1796 impe-

78 1815 254 1854 diuntur
276 1813 463 1854 multum
486 1814 542 1853 ab
570 1813 774 1866 operibus
799 1814 884 1853 suis
905 1820 1082 1866 propter
1096 1825 1231 1865 opera
1253 1811 1516 1851 intellective
1537 1811 1603 1851 cui

21 1895 59 1925 25
79 1884 338 1923 deserviunt.
384 1883 443 1922 Et
465 1883 563 1923 ideo
585 1896 672 1923 non
697 1882 860 1923 habent
883 1882 941 1923 ibi
964 1881 1140 1934 plenum
1167 1879 1410 1921 dominium
1433 1880 1498 1919 sui
1526 1893 1605 1920 nec

79 1952 276 1992 similiter
296 1951 545 2005 vegetativa
567 1951 608 1990 in
631 1952 782 1991 brutis.

139 2020 198 2061 Et
236 2021 336 2060 inde
369 2027 434 2060 est
466 2020 583 2072 quod
621 2032 720 2060 cum
762 2018 913 2072 planta
943 2018 999 2059 sit
1027 2018 1148 2059 vilior
1179 2017 1309 2058 bruto
1345 2023 1388 2057 et
1422 2017 1597 2057 brutum

77 2089 203 2129 vilius
240 2089 427 2138 homine,
456 2088 614 2129 accidit
645 2089 764 2141 quod
796 2087 994 2128 similiter
1018 2086 1224 2127 animalia
1256 2085 1407 2125 viliora
1439 2084 1603 2125 habent

77 2159 268 2198 animam
288 2157 538 2198 sensitivam
561 2156 603 2196 in
625 2157 779 2209 majori
801 2156 951 2209 vigore
972 2161 1015 2196 et
1037 2160 1270 2208 potestate,
1291 2154 1388 2193 dico
1412 2153 1600 2205 primum

18 2238 59 2268 30
76 2227 260 2279 gradum
289 2226 433 2265 anime
458 2225 673 2273 sensitive,
695 2225 736 2264 in
763 2237 851 2277 quo
877 2223 1203 2264 communicant
1227 2222 1420 2263 dominia
1441 2222 1604 2261 anima—

76 2295 146 2344 lia,
180 2308 281 2335 nam
311 2294 395 2334 alia
420 2293 636 2334 nobiliora
665 2292 829 2333 habent
859 2292 1016 2332 multas
1042 2291 1208 2332 nobiles
1244 2290 1424 2330 virtutes
1454 2289 1600 2330 anime

77 2363 279 2403 sensitive
301 2376 385 2415 que
407 2370 506 2402 sunt
527 2362 568 2401 in
591 2362 650 2401 eis
671 2360 768 2402 loco
791 2360 1047 2410 intellectus,
1070 2367 1118 2400 ut
1139 2366 1240 2399 sunt
1261 2358 1536 2411 ymaginacio
1558 2364 1601 2397 et

78 2432 290 2485 cogitacio
312 2439 355 2472 et
381 2430 617 2480 estimacio,
640 2436 837 2482 respectu
860 2442 1043 2482 quarum
1065 2434 1219 2468 natura
1239 2427 1380 2480 prima
1400 2426 1602 2466 sensitiva

77 2507 142 2541 est
185 2501 227 2540 in
272 2500 475 2553 potencia
510 2505 553 2539 et
591 2498 652 2539 eis
688 2497 932 2547 famulatur,
972 2497 1079 2537 sicut
1115 2496 1321 2537 sensitiva
1352 2495 1394 2534 in
1424 2494 1602 2534 homine

18 2582 58 2614 35
78 2569 264 2609 deservit
285 2568 556 2609 intellective.
623 2566 682 2607 Et
704 2567 806 2619 quia
824 2566 884 2606 sic
908 2572 984 2613 est,
1009 2565 1105 2605 ideo
1126 2563 1373 2617 hujusmodi
1396 2562 1601 2603 animalia

77 2637 179 2678 vilia
206 2637 372 2678 habent
403 2637 588 2690 primam
621 2641 821 2676 naturam
857 2634 1106 2674 sensitivam
1139 2640 1183 2674 et
1215 2632 1342 2672 valde
1370 2631 1524 2672 fortem
1557 2638 1602 2672 et

124 2813 159 2835 11
186 2805 240 2834 De
258 2802 412 2843 Anima]
432 2803 465 2833 ii.
482 2812 510 2841 9.
