<?xml version="1.0" encoding="UTF-8"?>
<!DOCTYPE html PUBLIC "-//W3C//DTD XHTML 1.0 Transitional//EN"
    "http://www.w3.org/TR/xhtml1/DTD/xhtml1-transitional.dtd">
<html xmlns="http://www.w3.org/1999/xhtml" xml:lang="en" lang="en">
 <head>
  <title>
</title>
<meta http-equiv="Content-Type" content="text/html;charset=utf-8" />
  <meta name='ocr-system' content='tesseract 3.04.00' />
  <meta name='ocr-capabilities' content='ocr_page ocr_carea ocr_par ocr_line ocrx_word'/>
</head>
<body>
  <div class='ocr_page' id='page_1' title='image "./operahactenusine03baco_0104.png"; bbox 0 0 1898 3126; ppageno 0'>
   <div class='ocr_carea' id='block_1_1' title="bbox 123 1333 247 1365">
    <p class='ocr_par' dir='ltr' id='par_1_1' title="bbox 123 1333 247 1365">
     <span class='ocr_line' id='line_1_1' title="bbox 123 1333 247 1365; baseline -0.008 -1"><span class='ocrx_word' id='word_1_1' title='bbox 123 1333 247 1365; x_wconf 68' lang='lat'><strong>66:21.</strong></span> 
     </span>
    </p>
   </div>
   <div class='ocr_carea' id='block_1_2' title="bbox 48 2080 253 2112">
    <p class='ocr_par' dir='ltr' id='par_1_2' title="bbox 48 2080 253 2112">
     <span class='ocr_line' id='line_1_2' title="bbox 48 2080 253 2112; baseline -0.005 0"><span class='ocrx_word' id='word_1_2' title='bbox 48 2082 85 2112; x_wconf 79' lang='lat' dir='ltr'>F.</span> <span class='ocrx_word' id='word_1_3' title='bbox 110 2080 169 2112; x_wconf 84' lang='lat'>106</span> <span class='ocrx_word' id='word_1_4' title='bbox 187 2082 207 2112; x_wconf 92' lang='lat' dir='ltr'>b</span> <span class='ocrx_word' id='word_1_5' title='bbox 226 2091 253 2112; x_wconf 86' lang='lat'>2.</span> 
     </span>
    </p>
   </div>
   <div class='ocr_carea' id='block_1_3' title="bbox 986 116 1065 158">
    <p class='ocr_par' dir='ltr' id='par_1_3' title="bbox 986 116 1065 158">
     <span class='ocr_line' id='line_1_3' title="bbox 986 116 1065 158; baseline -0.051 1"><span class='ocrx_word' id='word_1_6' title='bbox 986 116 1065 158; x_wconf 78' lang='lat'>228</span> 
     </span>
    </p>
   </div>
   <div class='ocr_carea' id='block_1_4' title="bbox 261 230 1804 2199">
    <p class='ocr_par' dir='ltr' id='par_1_4' title="bbox 261 230 1798 560">
     <span class='ocr_line' id='line_1_4' title="bbox 261 230 1795 285; baseline 0.001 -16"><span class='ocrx_word' id='word_1_7' title='bbox 261 230 455 281; x_wconf 77' lang='lat' dir='ltr'>spacium</span> <span class='ocrx_word' id='word_1_8' title='bbox 489 231 734 282; x_wconf 77' lang='lat' dir='ltr'>pertransit,</span> <span class='ocrx_word' id='word_1_9' title='bbox 757 238 858 271; x_wconf 88' lang='lat' dir='ltr'>tunc</span> <span class='ocrx_word' id='word_1_10' title='bbox 889 236 1031 272; x_wconf 89' lang='lat' dir='ltr'>totum</span> <span class='ocrx_word' id='word_1_11' title='bbox 1061 232 1256 283; x_wconf 82' lang='lat' dir='ltr'>spacium</span> <span class='ocrx_word' id='word_1_12' title='bbox 1288 232 1367 272; x_wconf 91' lang='lat' dir='ltr'>erit</span> <span class='ocrx_word' id='word_1_13' title='bbox 1396 245 1453 271; x_wconf 80' lang='lat' dir='ltr'>ex</span> <span class='ocrx_word' id='word_1_14' title='bbox 1479 232 1561 273; x_wconf 90' lang='lat' dir='ltr'>illis</span> <span class='ocrx_word' id='word_1_15' title='bbox 1592 231 1795 285; x_wconf 89' lang='lat' dir='ltr'>punctis;</span> 
     </span>
     <span class='ocr_line' id='line_1_5' title="bbox 264 299 1795 355; baseline 0.001 -17"><span class='ocrx_word' id='word_1_16' title='bbox 264 307 306 338; x_wconf 87' lang='lat' dir='ltr'>et</span> <span class='ocrx_word' id='word_1_17' title='bbox 344 312 441 339; x_wconf 90' lang='lat' dir='ltr'>cum</span> <span class='ocrx_word' id='word_1_18' title='bbox 474 300 561 339; x_wconf 87' lang='lat' dir='ltr'>sint</span> <span class='ocrx_word' id='word_1_19' title='bbox 592 299 762 340; x_wconf 88' lang='lat' dir='ltr'>infinita</span> <span class='ocrx_word' id='word_1_20' title='bbox 794 300 835 340; x_wconf 89' lang='lat' dir='ltr'>in</span> <span class='ocrx_word' id='word_1_21' title='bbox 869 300 1048 340; x_wconf 88' lang='lat' dir='ltr'>minima</span> <span class='ocrx_word' id='word_1_22' title='bbox 1080 306 1214 353; x_wconf 83' lang='lat' dir='ltr'>parte,</span> <span class='ocrx_word' id='word_1_23' title='bbox 1247 314 1470 353; x_wconf 87' lang='lat' dir='ltr'>nunquam</span> <span class='ocrx_word' id='word_1_24' title='bbox 1504 301 1665 355; x_wconf 86' lang='lat' dir='ltr'>poterit</span> <span class='ocrx_word' id='word_1_25' title='bbox 1698 313 1795 354; x_wconf 92' lang='lat' dir='ltr'>per-</span> 
     </span>
     <span class='ocr_line' id='line_1_6' title="bbox 263 366 1797 422; baseline 0 -15"><span class='ocrx_word' id='word_1_26' title='bbox 263 369 443 408; x_wconf 87' lang='lat' dir='ltr'>transire</span> <span class='ocrx_word' id='word_1_27' title='bbox 483 369 679 420; x_wconf 78' lang='lat' dir='ltr'>spacium</span> <span class='ocrx_word' id='word_1_28' title='bbox 713 370 954 417; x_wconf 87' lang='lat' dir='ltr'>minimum,</span> <span class='ocrx_word' id='word_1_29' title='bbox 993 383 1071 410; x_wconf 90' lang='lat' dir='ltr'>nec</span> <span class='ocrx_word' id='word_1_30' title='bbox 1104 370 1327 410; x_wconf 80' lang='lat' dir='ltr'>minimam</span> <span class='ocrx_word' id='word_1_31' title='bbox 1361 370 1453 422; x_wconf 93' lang='lat' dir='ltr'>ejus</span> <span class='ocrx_word' id='word_1_32' title='bbox 1495 366 1675 422; x_wconf 84' lang='lat' dir='ltr'>partem.</span> <span class='ocrx_word' id='word_1_33' title='bbox 1739 368 1797 408; x_wconf 80' lang='lat' dir='ltr'>Et</span> 
     </span>
     <span class='ocr_line' id='line_1_7' title="bbox 264 436 1798 491; baseline 0 -14"><span class='ocrx_word' id='word_1_34' title='bbox 264 438 364 478; x_wconf 89' lang='lat' dir='ltr'>ideo</span> <span class='ocrx_word' id='word_1_35' title='bbox 388 439 582 479; x_wconf 80' lang='lat' dir='ltr'>raciones</span> <span class='ocrx_word' id='word_1_36' title='bbox 612 445 698 479; x_wconf 90' lang='lat' dir='ltr'>tres</span> <span class='ocrx_word' id='word_1_37' title='bbox 728 452 841 479; x_wconf 90' lang='lat' dir='ltr'>nunc</span> <span class='ocrx_word' id='word_1_38' title='bbox 871 445 988 478; x_wconf 92' lang='lat' dir='ltr'>tacte</span> <span class='ocrx_word' id='word_1_39' title='bbox 1016 439 1266 489; x_wconf 88' lang='lat' dir='ltr'>ostendunt,</span> <span class='ocrx_word' id='word_1_40' title='bbox 1290 440 1408 491; x_wconf 92' lang='lat' dir='ltr'>quod</span> <span class='ocrx_word' id='word_1_41' title='bbox 1438 452 1517 479; x_wconf 88' lang='lat' dir='ltr'>nec</span> <span class='ocrx_word' id='word_1_42' title='bbox 1548 436 1798 479; x_wconf 79' lang='lat' dir='ltr'>movebitur</span> 
     </span>
     <span class='ocr_line' id='line_1_8' title="bbox 263 507 1571 560; baseline 0.001 -15"><span class='ocrx_word' id='word_1_43' title='bbox 263 519 342 546; x_wconf 90' lang='lat' dir='ltr'>nec</span> <span class='ocrx_word' id='word_1_44' title='bbox 365 507 617 556; x_wconf 85' lang='lat' dir='ltr'>mutabitur,</span> <span class='ocrx_word' id='word_1_45' title='bbox 640 507 675 546; x_wconf 87' lang='lat' dir='ltr'>si</span> <span class='ocrx_word' id='word_1_46' title='bbox 698 507 877 560; x_wconf 80' lang='lat' dir='ltr'>angelus</span> <span class='ocrx_word' id='word_1_47' title='bbox 899 507 1062 547; x_wconf 86' lang='lat' dir='ltr'>habeat</span> <span class='ocrx_word' id='word_1_48' title='bbox 1084 507 1228 547; x_wconf 88' lang='lat' dir='ltr'>locum</span> <span class='ocrx_word' id='word_1_49' title='bbox 1250 507 1571 548; x_wconf 81' lang='lat' dir='ltr'>indivisibilem.</span> 
     </span>
    </p>

    <p class='ocr_par' dir='ltr' id='par_1_5' title="bbox 264 575 1804 2199">
     <span class='ocr_line' id='line_1_9' title="bbox 325 575 1796 629; baseline -0.001 -15"><span class='ocrx_word' id='word_1_50' title='bbox 325 575 383 614; x_wconf 88' lang='lat' dir='ltr'>Et</span> <span class='ocrx_word' id='word_1_51' title='bbox 406 575 478 614; x_wconf 87' lang='lat' dir='ltr'>illa</span> <span class='ocrx_word' id='word_1_52' title='bbox 504 576 619 616; x_wconf 89' lang='lat' dir='ltr'>racio</span> <span class='ocrx_word' id='word_1_53' title='bbox 648 576 802 616; x_wconf 87' lang='lat' dir='ltr'>ultima</span> <span class='ocrx_word' id='word_1_54' title='bbox 830 575 1098 625; x_wconf 81' lang='lat' dir='ltr'>AristoteliS,</span> <span class='ocrx_word' id='word_1_55' title='bbox 1119 589 1205 628; x_wconf 93' lang='lat' dir='ltr'>que</span> <span class='ocrx_word' id='word_1_56' title='bbox 1235 577 1338 617; x_wconf 90' lang='lat' dir='ltr'>dicit</span> <span class='ocrx_word' id='word_1_57' title='bbox 1370 576 1489 629; x_wconf 92' lang='lat' dir='ltr'>quod</span> <span class='ocrx_word' id='word_1_58' title='bbox 1518 588 1647 615; x_wconf 91' lang='lat' dir='ltr'>omne</span> <span class='ocrx_word' id='word_1_59' title='bbox 1676 575 1796 626; x_wconf 92' lang='lat' dir='ltr'>quod</span> 
     </span>
     <span class='ocr_line' id='line_1_10' title="bbox 267 643 1798 698; baseline -0.001 -15"><span class='ocrx_word' id='word_1_60' title='bbox 267 651 467 683; x_wconf 89' lang='lat' dir='ltr'>movetur</span> <span class='ocrx_word' id='word_1_61' title='bbox 508 644 665 696; x_wconf 91' lang='lat' dir='ltr'>partim</span> <span class='ocrx_word' id='word_1_62' title='bbox 705 652 771 684; x_wconf 89' lang='lat' dir='ltr'>est</span> <span class='ocrx_word' id='word_1_63' title='bbox 809 644 851 683; x_wconf 91' lang='lat' dir='ltr'>in</span> <span class='ocrx_word' id='word_1_64' title='bbox 894 644 1081 684; x_wconf 86' lang='lat' dir='ltr'>termino</span> <span class='ocrx_word' id='word_1_65' title='bbox 1122 658 1148 684; x_wconf 88' lang='lat' dir='ltr'>a</span> <span class='ocrx_word' id='word_1_66' title='bbox 1184 657 1284 696; x_wconf 89' lang='lat' dir='ltr'>quo,</span> <span class='ocrx_word' id='word_1_67' title='bbox 1328 645 1488 698; x_wconf 89' lang='lat' dir='ltr'>partim</span> <span class='ocrx_word' id='word_1_68' title='bbox 1526 644 1567 684; x_wconf 88' lang='lat' dir='ltr'>in</span> <span class='ocrx_word' id='word_1_69' title='bbox 1611 643 1798 683; x_wconf 89' lang='lat' dir='ltr'>termino</span> 
     </span>
     <span class='ocr_line' id='line_1_11' title="bbox 264 712 1798 765; baseline 0 -14"><span class='ocrx_word' id='word_1_70' title='bbox 264 713 319 752; x_wconf 89' lang='lat' dir='ltr'>ad</span> <span class='ocrx_word' id='word_1_71' title='bbox 343 725 487 764; x_wconf 82' lang='lat' dir='ltr'>quem,</span> <span class='ocrx_word' id='word_1_72' title='bbox 511 713 703 754; x_wconf 88' lang='lat' dir='ltr'>ostendit</span> <span class='ocrx_word' id='word_1_73' title='bbox 731 713 978 765; x_wconf 85' lang='lat' dir='ltr'>specialiter</span> <span class='ocrx_word' id='word_1_74' title='bbox 1001 713 1119 765; x_wconf 91' lang='lat' dir='ltr'>quod</span> <span class='ocrx_word' id='word_1_75' title='bbox 1146 727 1232 753; x_wconf 90' lang='lat' dir='ltr'>non</span> <span class='ocrx_word' id='word_1_76' title='bbox 1262 713 1516 753; x_wconf 84' lang='lat' dir='ltr'>movebitur.</span> <span class='ocrx_word' id='word_1_77' title='bbox 1580 712 1798 752; x_wconf 87' lang='lat' dir='ltr'>Raciones</span> 
     </span>
     <span class='ocr_line' id='line_1_12' title="bbox 266 781 1797 834; baseline -0.001 -14"><span class='ocrx_word' id='word_1_78' title='bbox 266 794 366 821; x_wconf 91' lang='lat' dir='ltr'>vero</span> <span class='ocrx_word' id='word_1_79' title='bbox 398 787 587 832; x_wconf 90' lang='lat' dir='ltr'>quatuor</span> <span class='ocrx_word' id='word_1_80' title='bbox 618 782 756 833; x_wconf 91' lang='lat' dir='ltr'>prime</span> <span class='ocrx_word' id='word_1_81' title='bbox 790 782 1029 822; x_wconf 89' lang='lat' dir='ltr'>ostendunt</span> <span class='ocrx_word' id='word_1_82' title='bbox 1061 782 1179 834; x_wconf 90' lang='lat' dir='ltr'>quod</span> <span class='ocrx_word' id='word_1_83' title='bbox 1208 781 1328 822; x_wconf 93' lang='lat' dir='ltr'>nullo</span> <span class='ocrx_word' id='word_1_84' title='bbox 1361 783 1495 822; x_wconf 89' lang='lat' dir='ltr'>modo</span> <span class='ocrx_word' id='word_1_85' title='bbox 1527 781 1797 827; x_wconf 81' lang='lat' dir='ltr'>mutabitur3</span> 
     </span>
     <span class='ocr_line' id='line_1_13' title="bbox 267 849 1797 902; baseline -0.001 -13"><span class='ocrx_word' id='word_1_86' title='bbox 267 855 310 889; x_wconf 90' lang='lat' dir='ltr'>et</span> <span class='ocrx_word' id='word_1_87' title='bbox 344 849 427 889; x_wconf 88' lang='lat' dir='ltr'>ista</span> <span class='ocrx_word' id='word_1_88' title='bbox 460 862 545 889; x_wconf 93' lang='lat' dir='ltr'>non</span> <span class='ocrx_word' id='word_1_89' title='bbox 577 850 780 890; x_wconf 87' lang='lat' dir='ltr'>videntur</span> <span class='ocrx_word' id='word_1_90' title='bbox 810 863 938 902; x_wconf 92' lang='lat' dir='ltr'>posse</span> <span class='ocrx_word' id='word_1_91' title='bbox 971 851 1172 902; x_wconf 88' lang='lat' dir='ltr'>impediri</span> <span class='ocrx_word' id='word_1_92' title='bbox 1205 851 1239 890; x_wconf 92' lang='lat' dir='ltr'>si</span> <span class='ocrx_word' id='word_1_93' title='bbox 1269 850 1429 891; x_wconf 88' lang='lat' dir='ltr'>habeat</span> <span class='ocrx_word' id='word_1_94' title='bbox 1467 850 1611 891; x_wconf 91' lang='lat' dir='ltr'>locum</span> <span class='ocrx_word' id='word_1_95' title='bbox 1644 849 1797 889; x_wconf 88' lang='lat' dir='ltr'>indivi-</span> 
     </span>
     <span class='ocr_line' id='line_1_14' title="bbox 267 916 1798 972; baseline 0 -15"><span class='ocrx_word' id='word_1_96' title='bbox 267 917 465 966; x_wconf 82' lang='lat' dir='ltr'>sibilem3</span> <span class='ocrx_word' id='word_1_97' title='bbox 500 920 575 959; x_wconf 88' lang='lat' dir='ltr'>sed</span> <span class='ocrx_word' id='word_1_98' title='bbox 614 919 647 958; x_wconf 87' lang='lat' dir='ltr'>si</span> <span class='ocrx_word' id='word_1_99' title='bbox 680 919 841 959; x_wconf 88' lang='lat' dir='ltr'>habeat</span> <span class='ocrx_word' id='word_1_100' title='bbox 875 916 1019 959; x_wconf 84' lang='lat' dir='ltr'>locum</span> <span class='ocrx_word' id='word_1_101' title='bbox 1058 920 1331 969; x_wconf 87' lang='lat' dir='ltr'>divisibilem,</span> <span class='ocrx_word' id='word_1_102' title='bbox 1368 927 1471 960; x_wconf 92' lang='lat' dir='ltr'>tunc</span> <span class='ocrx_word' id='word_1_103' title='bbox 1510 917 1798 972; x_wconf 88' lang='lat' dir='ltr'>proculdubio</span> 
     </span>
     <span class='ocr_line' id='line_1_15' title="bbox 266 986 1798 1042; baseline -0.001 -15"><span class='ocrx_word' id='word_1_104' title='bbox 266 988 427 1040; x_wconf 89' lang='lat' dir='ltr'>poterit</span> <span class='ocrx_word' id='word_1_105' title='bbox 465 988 639 1038; x_wconf 89' lang='lat' dir='ltr'>moveri,</span> <span class='ocrx_word' id='word_1_106' title='bbox 677 994 721 1028; x_wconf 91' lang='lat' dir='ltr'>et</span> <span class='ocrx_word' id='word_1_107' title='bbox 762 988 882 1028; x_wconf 87' lang='lat' dir='ltr'>nulla</span> <span class='ocrx_word' id='word_1_108' title='bbox 919 989 1141 1029; x_wconf 86' lang='lat' dir='ltr'>racionum</span> <span class='ocrx_word' id='word_1_109' title='bbox 1183 989 1365 1029; x_wconf 88' lang='lat' dir='ltr'>istarum</span> <span class='ocrx_word' id='word_1_110' title='bbox 1402 988 1618 1042; x_wconf 86' lang='lat' dir='ltr'>prohibet.</span> <span class='ocrx_word' id='word_1_111' title='bbox 1680 986 1798 1026; x_wconf 88' lang='lat' dir='ltr'>Nam</span> 
     </span>
     <span class='ocr_line' id='line_1_16' title="bbox 266 1054 1800 1111; baseline -0.001 -16"><span class='ocrx_word' id='word_1_112' title='bbox 266 1056 299 1095; x_wconf 89' lang='lat' dir='ltr'>si</span> <span class='ocrx_word' id='word_1_113' title='bbox 337 1056 392 1096; x_wconf 91' lang='lat' dir='ltr'>sit</span> <span class='ocrx_word' id='word_1_114' title='bbox 430 1057 472 1095; x_wconf 89' lang='lat' dir='ltr'>in</span> <span class='ocrx_word' id='word_1_115' title='bbox 505 1057 550 1096; x_wconf 99' lang='lat' dir='ltr'><strong>A</strong></span> <span class='ocrx_word' id='word_1_116' title='bbox 589 1056 684 1098; x_wconf 93' lang='lat' dir='ltr'>loco</span> <span class='ocrx_word' id='word_1_117' title='bbox 723 1056 936 1106; x_wconf 82' lang='lat' dir='ltr'>divisibili,</span> <span class='ocrx_word' id='word_1_118' title='bbox 973 1065 1077 1099; x_wconf 90' lang='lat' dir='ltr'>tunc</span> <span class='ocrx_word' id='word_1_119' title='bbox 1110 1065 1256 1111; x_wconf 90' lang='lat' dir='ltr'>potest</span> <span class='ocrx_word' id='word_1_120' title='bbox 1289 1057 1324 1097; x_wconf 90' lang='lat' dir='ltr'><strong>B</strong></span> <span class='ocrx_word' id='word_1_121' title='bbox 1361 1058 1503 1098; x_wconf 90' lang='lat' dir='ltr'>locum</span> <span class='ocrx_word' id='word_1_122' title='bbox 1538 1054 1800 1097; x_wconf 88' lang='lat' dir='ltr'>divisibilem</span> 
     </span>
     <span class='ocr_line' id='line_1_17' title="bbox 268 1123 1800 1178; baseline -0.001 -14"><span class='ocrx_word' id='word_1_123' title='bbox 268 1126 460 1177; x_wconf 76' lang='lat' dir='ltr'>aggredi,</span> <span class='ocrx_word' id='word_1_124' title='bbox 482 1126 592 1166; x_wconf 84' lang='lat' dir='ltr'>sicut</span> <span class='ocrx_word' id='word_1_125' title='bbox 618 1126 725 1174; x_wconf 85' lang='lat' dir='ltr'>vult,</span> <span class='ocrx_word' id='word_1_126' title='bbox 747 1132 791 1166; x_wconf 91' lang='lat' dir='ltr'>et</span> <span class='ocrx_word' id='word_1_127' title='bbox 812 1127 990 1178; x_wconf 89' lang='lat' dir='ltr'>quando</span> <span class='ocrx_word' id='word_1_128' title='bbox 1007 1127 1128 1176; x_wconf 66' lang='lat' dir='ltr'>vult,</span> <span class='ocrx_word' id='word_1_129' title='bbox 1162 1134 1205 1168; x_wconf 90' lang='lat' dir='ltr'>et</span> <span class='ocrx_word' id='word_1_130' title='bbox 1231 1133 1334 1168; x_wconf 88' lang='lat' dir='ltr'>tunc</span> <span class='ocrx_word' id='word_1_131' title='bbox 1367 1141 1468 1168; x_wconf 90' lang='lat' dir='ltr'>cum</span> <span class='ocrx_word' id='word_1_132' title='bbox 1501 1124 1736 1178; x_wconf 88' lang='lat' dir='ltr'>pertransit</span> <span class='ocrx_word' id='word_1_133' title='bbox 1766 1123 1800 1162; x_wconf 93' lang='lat' dir='ltr'>B</span> 
     </span>
     <span class='ocr_line' id='line_1_18' title="bbox 269 1192 1798 1246; baseline 0 -14"><span class='ocrx_word' id='word_1_134' title='bbox 269 1194 412 1234; x_wconf 91' lang='lat' dir='ltr'>locum</span> <span class='ocrx_word' id='word_1_135' title='bbox 446 1194 720 1244; x_wconf 84' lang='lat' dir='ltr'>divisibilem,</span> <span class='ocrx_word' id='word_1_136' title='bbox 744 1202 787 1235; x_wconf 89' lang='lat' dir='ltr'>et</span> <span class='ocrx_word' id='word_1_137' title='bbox 815 1195 863 1244; x_wconf 85' lang='lat' dir='ltr'>C,</span> <span class='ocrx_word' id='word_1_138' title='bbox 889 1202 931 1236; x_wconf 89' lang='lat' dir='ltr'>et</span> <span class='ocrx_word' id='word_1_139' title='bbox 965 1196 1020 1243; x_wconf 85' lang='lat' dir='ltr'>D,</span> <span class='ocrx_word' id='word_1_140' title='bbox 1047 1204 1092 1237; x_wconf 93' lang='lat' dir='ltr'>et</span> <span class='ocrx_word' id='word_1_141' title='bbox 1123 1197 1210 1236; x_wconf 89' lang='lat' dir='ltr'>alia</span> <span class='ocrx_word' id='word_1_142' title='bbox 1240 1196 1337 1236; x_wconf 89' lang='lat' dir='ltr'>loca</span> <span class='ocrx_word' id='word_1_143' title='bbox 1370 1194 1605 1236; x_wconf 85' lang='lat' dir='ltr'>divisibilia</span> <span class='ocrx_word' id='word_1_144' title='bbox 1625 1192 1798 1246; x_wconf 88' lang='lat' dir='ltr'>equalia</span> 
     </span>
     <span class='ocr_line' id='line_1_19' title="bbox 270 1262 1799 1317; baseline 0 -16"><span class='ocrx_word' id='word_1_145' title='bbox 270 1263 350 1315; x_wconf 89' lang='lat' dir='ltr'>ipsi</span> <span class='ocrx_word' id='word_1_146' title='bbox 372 1262 417 1302; x_wconf 93' lang='lat' dir='ltr'><strong>A</strong></span> <span class='ocrx_word' id='word_1_147' title='bbox 440 1263 636 1315; x_wconf 86' lang='lat' dir='ltr'>spacium</span> <span class='ocrx_word' id='word_1_148' title='bbox 660 1265 973 1315; x_wconf 88' lang='lat' dir='ltr'>pertransitum</span> <span class='ocrx_word' id='word_1_149' title='bbox 1004 1265 1084 1306; x_wconf 88' lang='lat' dir='ltr'>crit</span> <span class='ocrx_word' id='word_1_150' title='bbox 1107 1278 1281 1317; x_wconf 88' lang='lat' dir='ltr'>semper</span> <span class='ocrx_word' id='word_1_151' title='bbox 1307 1278 1364 1305; x_wconf 77' lang='lat' dir='ltr'>ex</span> <span class='ocrx_word' id='word_1_152' title='bbox 1390 1263 1678 1304; x_wconf 89' lang='lat' dir='ltr'>divisibilibus</span> <span class='ocrx_word' id='word_1_153' title='bbox 1700 1274 1799 1315; x_wconf 85' lang='lat' dir='ltr'>par-</span> 
     </span>
     <span class='ocr_line' id='line_1_20' title="bbox 270 1331 1800 1386; baseline 0 -16"><span class='ocrx_word' id='word_1_154' title='bbox 270 1331 384 1371; x_wconf 88' lang='lat' dir='ltr'>tibus</span> <span class='ocrx_word' id='word_1_155' title='bbox 415 1332 739 1385; x_wconf 79' lang='lat' dir='ltr'>compositum3</span> <span class='ocrx_word' id='word_1_156' title='bbox 769 1339 812 1373; x_wconf 90' lang='lat' dir='ltr'>et</span> <span class='ocrx_word' id='word_1_157' title='bbox 845 1334 1006 1385; x_wconf 89' lang='lat' dir='ltr'>poterit</span> <span class='ocrx_word' id='word_1_158' title='bbox 1031 1334 1288 1386; x_wconf 89' lang='lat' dir='ltr'>pertransire</span> <span class='ocrx_word' id='word_1_159' title='bbox 1318 1332 1321 1386; x_wconf 66' lang='lat' dir='ltr'>l</span> <span class='ocrx_word' id='word_1_160' title='bbox 1351 1333 1578 1373; x_wconf 89' lang='lat' dir='ltr'>minimum</span> <span class='ocrx_word' id='word_1_161' title='bbox 1605 1331 1800 1384; x_wconf 85' lang='lat' dir='ltr'>spacium</span> 
     </span>
     <span class='ocr_line' id='line_1_21' title="bbox 271 1399 1802 1449; baseline -0.001 -9"><span class='ocrx_word' id='word_1_162' title='bbox 271 1408 313 1440; x_wconf 93' lang='lat' dir='ltr'>et</span> <span class='ocrx_word' id='word_1_163' title='bbox 337 1402 596 1449; x_wconf 77' lang='lat' dir='ltr'>maximum,</span> <span class='ocrx_word' id='word_1_164' title='bbox 619 1402 730 1442; x_wconf 90' lang='lat' dir='ltr'>sicut</span> <span class='ocrx_word' id='word_1_165' title='bbox 751 1402 857 1442; x_wconf 90' lang='lat' dir='ltr'>vult.</span> <span class='ocrx_word' id='word_1_166' title='bbox 910 1403 970 1443; x_wconf 85' lang='lat' dir='ltr'>Et</span> <span class='ocrx_word' id='word_1_167' title='bbox 998 1404 1058 1443; x_wconf 90' lang='lat' dir='ltr'>sic</span> <span class='ocrx_word' id='word_1_168' title='bbox 1090 1404 1284 1444; x_wconf 81' lang='lat' dir='ltr'>existens</span> <span class='ocrx_word' id='word_1_169' title='bbox 1314 1404 1355 1442; x_wconf 89' lang='lat' dir='ltr'>in</span> <span class='ocrx_word' id='word_1_170' title='bbox 1380 1402 1425 1442; x_wconf 92' lang='lat' dir='ltr'><strong>A</strong></span> <span class='ocrx_word' id='word_1_171' title='bbox 1454 1402 1553 1443; x_wconf 89' lang='lat' dir='ltr'>loco</span> <span class='ocrx_word' id='word_1_172' title='bbox 1583 1399 1802 1448; x_wconf 85' lang='lat' dir='ltr'>divisibili,</span> 
     </span>
     <span class='ocr_line' id='line_1_22' title="bbox 270 1470 1800 1524; baseline 0 -15"><span class='ocrx_word' id='word_1_173' title='bbox 270 1471 343 1521; x_wconf 91' lang='lat' dir='ltr'>qui</span> <span class='ocrx_word' id='word_1_174' title='bbox 367 1476 431 1510; x_wconf 92' lang='lat' dir='ltr'>est</span> <span class='ocrx_word' id='word_1_175' title='bbox 446 1471 655 1509; x_wconf 89' lang='lat' dir='ltr'>terminus</span> <span class='ocrx_word' id='word_1_176' title='bbox 670 1484 694 1510; x_wconf 89' lang='lat' dir='ltr'>a</span> <span class='ocrx_word' id='word_1_177' title='bbox 712 1484 812 1523; x_wconf 88' lang='lat' dir='ltr'>quo,</span> <span class='ocrx_word' id='word_1_178' title='bbox 832 1477 978 1523; x_wconf 90' lang='lat' dir='ltr'>potest</span> <span class='ocrx_word' id='word_1_179' title='bbox 994 1472 1236 1524; x_wconf 85' lang='lat' dir='ltr'>relinquere</span> <span class='ocrx_word' id='word_1_180' title='bbox 1258 1472 1379 1511; x_wconf 90' lang='lat' dir='ltr'>illum</span> <span class='ocrx_word' id='word_1_181' title='bbox 1395 1472 1540 1512; x_wconf 89' lang='lat' dir='ltr'>locum</span> <span class='ocrx_word' id='word_1_182' title='bbox 1560 1470 1800 1511; x_wconf 89' lang='lat' dir='ltr'>secundum</span> 
     </span>
     <span class='ocr_line' id='line_1_23' title="bbox 272 1540 1802 1594; baseline 0 -17"><span class='ocrx_word' id='word_1_183' title='bbox 272 1545 456 1591; x_wconf 89' lang='lat' dir='ltr'>partem,</span> <span class='ocrx_word' id='word_1_184' title='bbox 493 1545 537 1578; x_wconf 91' lang='lat' dir='ltr'>et</span> <span class='ocrx_word' id='word_1_185' title='bbox 569 1553 780 1593; x_wconf 89' lang='lat' dir='ltr'>occupare</span> <span class='ocrx_word' id='word_1_186' title='bbox 816 1540 871 1580; x_wconf 92' lang='lat' dir='ltr'>de</span> <span class='ocrx_word' id='word_1_187' title='bbox 909 1540 1005 1581; x_wconf 91' lang='lat' dir='ltr'>loco</span> <span class='ocrx_word' id='word_1_188' title='bbox 1049 1540 1082 1579; x_wconf 81' lang='lat' dir='ltr'><strong>B</strong></span> <span class='ocrx_word' id='word_1_189' title='bbox 1118 1548 1303 1594; x_wconf 88' lang='lat' dir='ltr'>partem,</span> <span class='ocrx_word' id='word_1_190' title='bbox 1340 1547 1387 1582; x_wconf 90' lang='lat' dir='ltr'>ut</span> <span class='ocrx_word' id='word_1_191' title='bbox 1423 1540 1504 1580; x_wconf 90' lang='lat' dir='ltr'>hee</span> <span class='ocrx_word' id='word_1_192' title='bbox 1536 1540 1621 1579; x_wconf 89' lang='lat' dir='ltr'>due</span> <span class='ocrx_word' id='word_1_193' title='bbox 1656 1544 1802 1592; x_wconf 88' lang='lat' dir='ltr'>partes</span> 
     </span>
     <span class='ocr_line' id='line_1_24' title="bbox 272 1607 1803 1662; baseline -0.001 -14"><span class='ocrx_word' id='word_1_194' title='bbox 272 1614 484 1660; x_wconf 89' lang='lat' dir='ltr'>equentur</span> <span class='ocrx_word' id='word_1_195' title='bbox 506 1607 587 1648; x_wconf 87' lang='lat' dir='ltr'>toti</span> <span class='ocrx_word' id='word_1_196' title='bbox 613 1607 667 1647; x_wconf 91' lang='lat' dir='ltr'>A.</span> <span class='ocrx_word' id='word_1_197' title='bbox 718 1609 998 1661; x_wconf 83' lang='lat' dir='ltr'>Relinquitur</span> <span class='ocrx_word' id='word_1_198' title='bbox 1027 1609 1159 1661; x_wconf 87' lang='lat' dir='ltr'>igitur</span> <span class='ocrx_word' id='word_1_199' title='bbox 1188 1610 1306 1661; x_wconf 94' lang='lat' dir='ltr'>quod</span> <span class='ocrx_word' id='word_1_200' title='bbox 1340 1609 1499 1662; x_wconf 88' lang='lat' dir='ltr'>partim</span> <span class='ocrx_word' id='word_1_201' title='bbox 1527 1609 1687 1662; x_wconf 89' lang='lat' dir='ltr'>poterit</span> <span class='ocrx_word' id='word_1_202' title='bbox 1709 1620 1803 1648; x_wconf 90' lang='lat' dir='ltr'>esse</span> 
     </span>
     <span class='ocr_line' id='line_1_25' title="bbox 270 1676 1803 1731; baseline 0 -15"><span class='ocrx_word' id='word_1_203' title='bbox 270 1677 311 1716; x_wconf 89' lang='lat' dir='ltr'>in</span> <span class='ocrx_word' id='word_1_204' title='bbox 333 1676 521 1716; x_wconf 87' lang='lat' dir='ltr'>termino</span> <span class='ocrx_word' id='word_1_205' title='bbox 544 1690 569 1716; x_wconf 85' lang='lat' dir='ltr'>a</span> <span class='ocrx_word' id='word_1_206' title='bbox 592 1690 693 1729; x_wconf 87' lang='lat' dir='ltr'>quo,</span> <span class='ocrx_word' id='word_1_207' title='bbox 715 1684 757 1717; x_wconf 90' lang='lat' dir='ltr'>et</span> <span class='ocrx_word' id='word_1_208' title='bbox 782 1678 938 1729; x_wconf 88' lang='lat' dir='ltr'>partim</span> <span class='ocrx_word' id='word_1_209' title='bbox 963 1679 1005 1718; x_wconf 90' lang='lat' dir='ltr'>in</span> <span class='ocrx_word' id='word_1_210' title='bbox 1030 1679 1218 1719; x_wconf 89' lang='lat' dir='ltr'>termino</span> <span class='ocrx_word' id='word_1_211' title='bbox 1241 1679 1296 1719; x_wconf 88' lang='lat' dir='ltr'>ad</span> <span class='ocrx_word' id='word_1_212' title='bbox 1319 1692 1465 1731; x_wconf 91' lang='lat' dir='ltr'>quem,</span> <span class='ocrx_word' id='word_1_213' title='bbox 1487 1685 1530 1718; x_wconf 92' lang='lat' dir='ltr'>et</span> <span class='ocrx_word' id='word_1_214' title='bbox 1553 1678 1613 1717; x_wconf 88' lang='lat' dir='ltr'>ita</span> <span class='ocrx_word' id='word_1_215' title='bbox 1642 1676 1803 1729; x_wconf 91' lang='lat' dir='ltr'>poterit</span> 
     </span>
     <span class='ocr_line' id='line_1_26' title="bbox 271 1745 1802 1799; baseline 0.001 -15"><span class='ocrx_word' id='word_1_216' title='bbox 271 1746 461 1793; x_wconf 89' lang='lat' dir='ltr'>moveri;</span> <span class='ocrx_word' id='word_1_217' title='bbox 493 1746 592 1798; x_wconf 90' lang='lat' dir='ltr'>quia</span> <span class='ocrx_word' id='word_1_218' title='bbox 616 1747 935 1787; x_wconf 84' lang='lat' dir='ltr'>demonstracio</span> <span class='ocrx_word' id='word_1_219' title='bbox 964 1746 1219 1788; x_wconf 88' lang='lat' dir='ltr'>Aristotelis</span> <span class='ocrx_word' id='word_1_220' title='bbox 1248 1760 1334 1787; x_wconf 91' lang='lat' dir='ltr'>non</span> <span class='ocrx_word' id='word_1_221' title='bbox 1365 1747 1555 1799; x_wconf 85' lang='lat' dir='ltr'>requirit,</span> <span class='ocrx_word' id='word_1_222' title='bbox 1582 1746 1662 1786; x_wconf 91' lang='lat' dir='ltr'>nisi</span> <span class='ocrx_word' id='word_1_223' title='bbox 1686 1745 1802 1797; x_wconf 91' lang='lat' dir='ltr'>quod</span> 
     </span>
     <span class='ocr_line' id='line_1_27' title="bbox 271 1813 1803 1869; baseline 0 -16"><span class='ocrx_word' id='word_1_224' title='bbox 271 1813 434 1854; x_wconf 90' lang='lat' dir='ltr'>mobile</span> <span class='ocrx_word' id='word_1_225' title='bbox 484 1814 622 1866; x_wconf 86' lang='lat' dir='ltr'>possit</span> <span class='ocrx_word' id='word_1_226' title='bbox 664 1828 841 1867; x_wconf 91' lang='lat' dir='ltr'>quoquo</span> <span class='ocrx_word' id='word_1_227' title='bbox 894 1816 1028 1856; x_wconf 90' lang='lat' dir='ltr'>modo</span> <span class='ocrx_word' id='word_1_228' title='bbox 1069 1829 1282 1869; x_wconf 90' lang='lat' dir='ltr'>occupare</span> <span class='ocrx_word' id='word_1_229' title='bbox 1330 1822 1477 1868; x_wconf 85' lang='lat' dir='ltr'>partes</span> <span class='ocrx_word' id='word_1_230' title='bbox 1519 1815 1803 1855; x_wconf 88' lang='lat' dir='ltr'>terminorum</span> 
     </span>
     <span class='ocr_line' id='line_1_28' title="bbox 272 1882 1804 1937; baseline 0 -16"><span class='ocrx_word' id='word_1_231' title='bbox 272 1883 469 1931; x_wconf 88' lang='lat' dir='ltr'>duorum,</span> <span class='ocrx_word' id='word_1_232' title='bbox 492 1883 582 1923; x_wconf 88' lang='lat' dir='ltr'>sive</span> <span class='ocrx_word' id='word_1_233' title='bbox 609 1882 692 1923; x_wconf 91' lang='lat' dir='ltr'>hoc</span> <span class='ocrx_word' id='word_1_234' title='bbox 721 1883 798 1924; x_wconf 89' lang='lat' dir='ltr'>fiat</span> <span class='ocrx_word' id='word_1_235' title='bbox 827 1897 904 1936; x_wconf 90' lang='lat' dir='ltr'>per</span> <span class='ocrx_word' id='word_1_236' title='bbox 932 1884 1266 1937; x_wconf 86' lang='lat' dir='ltr'>partibilitatem</span> <span class='ocrx_word' id='word_1_237' title='bbox 1299 1885 1362 1924; x_wconf 90' lang='lat' dir='ltr'>sui</span> <span class='ocrx_word' id='word_1_238' title='bbox 1396 1884 1527 1937; x_wconf 89' lang='lat' dir='ltr'>ipsius</span> <span class='ocrx_word' id='word_1_239' title='bbox 1557 1890 1605 1924; x_wconf 91' lang='lat' dir='ltr'>ut</span> <span class='ocrx_word' id='word_1_240' title='bbox 1635 1895 1804 1935; x_wconf 90' lang='lat' dir='ltr'>corpus,</span> 
     </span>
     <span class='ocr_line' id='line_1_29' title="bbox 271 1951 1803 2006; baseline 0.001 -17"><span class='ocrx_word' id='word_1_241' title='bbox 271 1951 359 1991; x_wconf 90' lang='lat' dir='ltr'>sive</span> <span class='ocrx_word' id='word_1_242' title='bbox 386 1965 462 2003; x_wconf 90' lang='lat' dir='ltr'>per</span> <span class='ocrx_word' id='word_1_243' title='bbox 493 1952 825 2005; x_wconf 85' lang='lat' dir='ltr'>partibilitatem</span> <span class='ocrx_word' id='word_1_244' title='bbox 858 1953 1144 1993; x_wconf 88' lang='lat' dir='ltr'>terminorum</span> <span class='ocrx_word' id='word_1_245' title='bbox 1174 1961 1486 2006; x_wconf 86' lang='lat' dir='ltr'>occupatorum</span> <span class='ocrx_word' id='word_1_246' title='bbox 1514 1966 1539 1992; x_wconf 89' lang='lat' dir='ltr'>a</span> <span class='ocrx_word' id='word_1_247' title='bbox 1572 1951 1736 2001; x_wconf 91' lang='lat' dir='ltr'>mobili,</span> <span class='ocrx_word' id='word_1_248' title='bbox 1768 1951 1803 1990; x_wconf 90' lang='lat' dir='ltr'>si</span> 
     </span>
     <span class='ocr_line' id='line_1_30' title="bbox 275 2019 1803 2073; baseline 0.001 -15"><span class='ocrx_word' id='word_1_249' title='bbox 275 2032 361 2060; x_wconf 89' lang='lat' dir='ltr'>non</span> <span class='ocrx_word' id='word_1_250' title='bbox 385 2021 439 2060; x_wconf 93' lang='lat' dir='ltr'>sit</span> <span class='ocrx_word' id='word_1_251' title='bbox 457 2033 629 2073; x_wconf 90' lang='lat' dir='ltr'>corpus.</span> <span class='ocrx_word' id='word_1_252' title='bbox 674 2020 753 2062; x_wconf 84' lang='lat' dir='ltr'>Set</span> <span class='ocrx_word' id='word_1_253' title='bbox 776 2022 967 2062; x_wconf 87' lang='lat' dir='ltr'>mutacio</span> <span class='ocrx_word' id='word_1_254' title='bbox 986 2022 1107 2062; x_wconf 91' lang='lat' dir='ltr'>nullo</span> <span class='ocrx_word' id='word_1_255' title='bbox 1132 2023 1265 2063; x_wconf 91' lang='lat' dir='ltr'>modo</span> <span class='ocrx_word' id='word_1_256' title='bbox 1288 2022 1375 2072; x_wconf 89' lang='lat' dir='ltr'>fiet,</span> <span class='ocrx_word' id='word_1_257' title='bbox 1393 2022 1427 2062; x_wconf 93' lang='lat' dir='ltr'>si</span> <span class='ocrx_word' id='word_1_258' title='bbox 1445 2021 1605 2063; x_wconf 85' lang='lat' dir='ltr'>habeat</span> <span class='ocrx_word' id='word_1_259' title='bbox 1623 2019 1803 2073; x_wconf 84' lang='lat' dir='ltr'>angelus</span> 
     </span>
     <span class='ocr_line' id='line_1_31' title="bbox 273 2086 1803 2144; baseline 0 -17"><span class='ocrx_word' id='word_1_260' title='bbox 273 2086 416 2128; x_wconf 91' lang='lat' dir='ltr'>locum</span> <span class='ocrx_word' id='word_1_261' title='bbox 446 2087 451 2143; x_wconf 85' lang='grc' dir='ltr'>Ι</span> <span class='ocrx_word' id='word_1_262' title='bbox 479 2089 753 2137; x_wconf 81' lang='lat' dir='ltr'>divisibilem,</span> <span class='ocrx_word' id='word_1_263' title='bbox 788 2097 967 2144; x_wconf 89' lang='lat' dir='ltr'>propter</span> <span class='ocrx_word' id='word_1_264' title='bbox 1011 2092 1202 2131; x_wconf 89' lang='lat' dir='ltr'>raciones</span> <span class='ocrx_word' id='word_1_265' title='bbox 1239 2091 1435 2144; x_wconf 91' lang='lat' dir='ltr'>superius</span> <span class='ocrx_word' id='word_1_266' title='bbox 1472 2090 1712 2142; x_wconf 82' lang='lat' dir='ltr'>assignatas</span> <span class='ocrx_word' id='word_1_267' title='bbox 1749 2088 1803 2128; x_wconf 91' lang='lat' dir='ltr'>de</span> 
     </span>
     <span class='ocr_line' id='line_1_32' title="bbox 274 2156 1075 2199; baseline 0.005 -4"><span class='ocrx_word' id='word_1_268' title='bbox 274 2156 441 2198; x_wconf 86' lang='lat' dir='ltr'>finitate</span> <span class='ocrx_word' id='word_1_269' title='bbox 462 2158 634 2198; x_wconf 89' lang='lat' dir='ltr'>virtutis</span> <span class='ocrx_word' id='word_1_270' title='bbox 656 2165 699 2199; x_wconf 92' lang='lat' dir='ltr'>et</span> <span class='ocrx_word' id='word_1_271' title='bbox 721 2159 809 2199; x_wconf 90' lang='lat' dir='ltr'>suis</span> <span class='ocrx_word' id='word_1_272' title='bbox 831 2159 1075 2199; x_wconf 84' lang='lat' dir='ltr'>comitibus.</span> 
     </span>
    </p>
   </div>
   <div class='ocr_carea' id='block_1_5' title="bbox 337 2274 1683 2331">
    <p class='ocr_par' dir='ltr' id='par_1_6' title="bbox 337 2274 1683 2331">
     <span class='ocr_line' id='line_1_33' title="bbox 337 2274 1683 2331; baseline 0.001 -14"><span class='ocrx_word' id='word_1_273' title='bbox 337 2274 582 2328; x_wconf 71' lang='lat' dir='ltr'>Capitulum</span> <span class='ocrx_word' id='word_1_274' title='bbox 604 2284 801 2317; x_wconf 77' lang='lat' dir='ltr'>octavum</span> <span class='ocrx_word' id='word_1_275' title='bbox 823 2277 874 2318; x_wconf 78' lang='lat' dir='ltr'>de</span> <span class='ocrx_word' id='word_1_276' title='bbox 896 2277 978 2318; x_wconf 77' lang='lat' dir='ltr'>loco</span> <span class='ocrx_word' id='word_1_277' title='bbox 999 2278 1348 2319; x_wconf 69' lang='lat' dir='ltr'>snbstancz&#39;amm</span> <span class='ocrx_word' id='word_1_278' title='bbox 1370 2276 1683 2331; x_wconf 74' lang='lat' dir='ltr'>spiritualium.</span> 
     </span>
    </p>
   </div>
   <div class='ocr_carea' id='block_1_6' title="bbox 275 2366 1803 2557">
    <p class='ocr_par' dir='ltr' id='par_1_7' title="bbox 275 2366 1803 2557">
     <span class='ocr_line' id='line_1_34' title="bbox 333 2366 1803 2421; baseline 0 -15"><span class='ocrx_word' id='word_1_279' title='bbox 333 2366 556 2419; x_wconf 78' lang='lat' dir='ltr'>Quoniam</span> <span class='ocrx_word' id='word_1_280' title='bbox 595 2375 743 2408; x_wconf 86' lang='lat' dir='ltr'>autem</span> <span class='ocrx_word' id='word_1_281' title='bbox 780 2368 859 2409; x_wconf 91' lang='lat' dir='ltr'>hec</span> <span class='ocrx_word' id='word_1_282' title='bbox 893 2369 1066 2421; x_wconf 89' lang='lat' dir='ltr'>questio</span> <span class='ocrx_word' id='word_1_283' title='bbox 1103 2369 1158 2409; x_wconf 93' lang='lat' dir='ltr'>de</span> <span class='ocrx_word' id='word_1_284' title='bbox 1194 2369 1565 2409; x_wconf 88' lang='lat' dir='ltr'>transmutacione</span> <span class='ocrx_word' id='word_1_285' title='bbox 1602 2368 1803 2407; x_wconf 87' lang='lat' dir='ltr'>substan-</span> 
     </span>
     <span class='ocr_line' id='line_1_35' title="bbox 275 2435 1803 2490; baseline 0 -16"><span class='ocrx_word' id='word_1_286' title='bbox 275 2435 440 2475; x_wconf 86' lang='lat' dir='ltr'>ciarum</span> <span class='ocrx_word' id='word_1_287' title='bbox 459 2436 745 2489; x_wconf 83' lang='lat' dir='ltr'>spiritualium</span> <span class='ocrx_word' id='word_1_288' title='bbox 769 2436 976 2477; x_wconf 90' lang='lat' dir='ltr'>fundatur</span> <span class='ocrx_word' id='word_1_289' title='bbox 992 2450 1121 2490; x_wconf 89' lang='lat' dir='ltr'>super</span> <span class='ocrx_word' id='word_1_290' title='bbox 1135 2437 1421 2477; x_wconf 81' lang='lat' dir='ltr'>existenciam</span> <span class='ocrx_word' id='word_1_291' title='bbox 1453 2450 1601 2477; x_wconf 88' lang='lat' dir='ltr'>earum</span> <span class='ocrx_word' id='word_1_292' title='bbox 1632 2437 1674 2476; x_wconf 90' lang='lat' dir='ltr'>in</span> <span class='ocrx_word' id='word_1_293' title='bbox 1697 2435 1803 2484; x_wconf 87' lang='lat' dir='ltr'>loco,</span> 
     </span>
     <span class='ocr_line' id='line_1_36' title="bbox 275 2504 1803 2557; baseline 0.001 -14"><span class='ocrx_word' id='word_1_294' title='bbox 275 2510 322 2544; x_wconf 94' lang='lat' dir='ltr'>ut</span> <span class='ocrx_word' id='word_1_295' title='bbox 345 2510 467 2556; x_wconf 85' lang='lat' dir='ltr'>patet</span> <span class='ocrx_word' id='word_1_296' title='bbox 490 2518 545 2543; x_wconf 78' lang='lat' dir='ltr'>ex</span> <span class='ocrx_word' id='word_1_297' title='bbox 565 2505 654 2557; x_wconf 87' lang='lat' dir='ltr'>jam</span> <span class='ocrx_word' id='word_1_298' title='bbox 678 2505 806 2545; x_wconf 91' lang='lat' dir='ltr'>dictis</span> <span class='ocrx_word' id='word_1_299' title='bbox 825 2521 835 2554; x_wconf 82' lang='lat'>3</span> <span class='ocrx_word' id='word_1_300' title='bbox 872 2506 974 2557; x_wconf 90' lang='lat' dir='ltr'>quia</span> <span class='ocrx_word' id='word_1_301' title='bbox 992 2505 1024 2545; x_wconf 90' lang='lat' dir='ltr'>si</span> <span class='ocrx_word' id='word_1_302' title='bbox 1045 2504 1210 2546; x_wconf 86' lang='lat' dir='ltr'>habent</span> <span class='ocrx_word' id='word_1_303' title='bbox 1228 2505 1372 2546; x_wconf 90' lang='lat' dir='ltr'>locum</span> <span class='ocrx_word' id='word_1_304' title='bbox 1396 2505 1702 2545; x_wconf 89' lang='lat' dir='ltr'>indivisibilem</span> <span class='ocrx_word' id='word_1_305' title='bbox 1725 2518 1803 2544; x_wconf 92' lang='lat' dir='ltr'>nec</span> 
     </span>
    </p>
   </div>
   <div class='ocr_carea' id='block_1_7' title="bbox 276 2593 1810 2841">
    <p class='ocr_par' dir='ltr' id='par_1_8' title="bbox 276 2593 1810 2841">
     <span class='ocr_line' id='line_1_37' title="bbox 322 2593 1810 2635; baseline 0 -12"><span class='ocrx_word' id='word_1_306' title='bbox 322 2604 333 2623; x_wconf 85' lang='lat'>1</span> <span class='ocrx_word' id='word_1_307' title='bbox 362 2594 560 2634; x_wconf 82' lang='lat' dir='ltr'>pertransit]</span> <span class='ocrx_word' id='word_1_308' title='bbox 587 2595 803 2633; x_wconf 85' lang='lat' dir='ltr'>pertransibit</span> <span class='ocrx_word' id='word_1_309' title='bbox 830 2594 863 2624; x_wconf 88' lang='lat' dir='ltr'><em>F</em></span> <span class='ocrx_word' id='word_1_310' title='bbox 1024 2605 1043 2625; x_wconf 87' lang='lat'><strong>2</strong></span> <span class='ocrx_word' id='word_1_311' title='bbox 1067 2594 1208 2635; x_wconf 86' lang='lat' dir='ltr'>poterit]</span> <span class='ocrx_word' id='word_1_312' title='bbox 1237 2600 1350 2634; x_wconf 88' lang='lat' dir='ltr'>potest</span> <span class='ocrx_word' id='word_1_313' title='bbox 1377 2594 1409 2624; x_wconf 91' lang='lat' dir='ltr'><em>F</em></span> <span class='ocrx_word' id='word_1_314' title='bbox 1570 2605 1589 2634; x_wconf 85' lang='lat'><strong>3</strong></span> <span class='ocrx_word' id='word_1_315' title='bbox 1615 2594 1656 2625; x_wconf 85' lang='lat' dir='ltr'>Et</span> <span class='ocrx_word' id='word_1_316' title='bbox 1682 2604 1750 2625; x_wconf 86' lang='lat' dir='ltr'>om.</span> <span class='ocrx_word' id='word_1_317' title='bbox 1778 2593 1810 2623; x_wconf 91' lang='lat' dir='ltr'><em>F</em></span> 
     </span>
     <span class='ocr_line' id='line_1_38' title="bbox 277 2644 1809 2686; baseline 0.001 -12"><span class='ocrx_word' id='word_1_318' title='bbox 277 2656 295 2681; x_wconf 86' lang='lat'>4</span> <span class='ocrx_word' id='word_1_319' title='bbox 320 2645 526 2686; x_wconf 89' lang='lat' dir='ltr'>movebitur]</span> <span class='ocrx_word' id='word_1_320' title='bbox 545 2651 699 2677; x_wconf 90' lang='lat' dir='ltr'>movetur</span> <span class='ocrx_word' id='word_1_321' title='bbox 715 2647 748 2676; x_wconf 88' lang='lat' dir='ltr'><em>F</em></span> <span class='ocrx_word' id='word_1_322' title='bbox 924 2657 941 2685; x_wconf 94' lang='lat'>7</span> <span class='ocrx_word' id='word_1_323' title='bbox 965 2646 1034 2686; x_wconf 88' lang='lat' dir='ltr'>est]</span> <span class='ocrx_word' id='word_1_324' title='bbox 1054 2647 1118 2676; x_wconf 89' lang='lat' dir='ltr'>erit</span> <span class='ocrx_word' id='word_1_325' title='bbox 1134 2646 1168 2676; x_wconf 88' lang='lat' dir='ltr'><em>D</em></span> <span class='ocrx_word' id='word_1_326' title='bbox 1343 2648 1363 2676; x_wconf 90' lang='lat'>8</span> <span class='ocrx_word' id='word_1_327' title='bbox 1388 2646 1591 2686; x_wconf 88' lang='lat' dir='ltr'>movebitur]</span> <span class='ocrx_word' id='word_1_328' title='bbox 1608 2650 1762 2676; x_wconf 85' lang='lat' dir='ltr'>movetur</span> <span class='ocrx_word' id='word_1_329' title='bbox 1777 2644 1809 2675; x_wconf 88' lang='lat' dir='ltr'><em>F</em></span> 
     </span>
     <span class='ocr_line' id='line_1_39' title="bbox 276 2695 1807 2738; baseline 0.001 -12"><span class='ocrx_word' id='word_1_330' title='bbox 276 2707 296 2734; x_wconf 86' lang='lat'>9</span> <span class='ocrx_word' id='word_1_331' title='bbox 321 2695 443 2736; x_wconf 90' lang='lat' dir='ltr'>prime]</span> <span class='ocrx_word' id='word_1_332' title='bbox 462 2698 615 2736; x_wconf 86' lang='lat' dir='ltr'>predicte</span> <span class='ocrx_word' id='word_1_333' title='bbox 631 2698 738 2736; x_wconf 89' lang='lat' dir='ltr'>prime</span> <span class='ocrx_word' id='word_1_334' title='bbox 757 2698 788 2728; x_wconf 88' lang='lat' dir='ltr'><em>F</em></span> <span class='ocrx_word' id='word_1_335' title='bbox 894 2708 932 2737; x_wconf 85' lang='lat'>13</span> <span class='ocrx_word' id='word_1_336' title='bbox 956 2698 987 2727; x_wconf 86' lang='lat' dir='ltr'><strong>A</strong></span> <span class='ocrx_word' id='word_1_337' title='bbox 1006 2697 1096 2738; x_wconf 87' lang='lat' dir='ltr'>loco]</span> <span class='ocrx_word' id='word_1_338' title='bbox 1114 2698 1200 2729; x_wconf 87' lang='lat' dir='ltr'>alico</span> <span class='ocrx_word' id='word_1_339' title='bbox 1218 2698 1253 2728; x_wconf 91' lang='lat' dir='ltr'><em>D</em></span> <span class='ocrx_word' id='word_1_340' title='bbox 1356 2708 1394 2728; x_wconf 86' lang='lat'>21</span> <span class='ocrx_word' id='word_1_341' title='bbox 1421 2697 1605 2738; x_wconf 82' lang='lat' dir='ltr'>equentur]</span> <span class='ocrx_word' id='word_1_342' title='bbox 1623 2702 1807 2737; x_wconf 85' lang='lat' dir='ltr'>sequentur</span> 
     </span>
     <span class='ocr_line' id='line_1_40' title="bbox 277 2747 1805 2790; baseline 0.001 -14"><span class='ocrx_word' id='word_1_343' title='bbox 277 2747 339 2776; x_wconf 86' lang='lat' dir='ltr'><em>FB</em></span> <span class='ocrx_word' id='word_1_344' title='bbox 449 2758 490 2787; x_wconf 82' lang='lat'>23</span> <span class='ocrx_word' id='word_1_345' title='bbox 514 2749 779 2790; x_wconf 85' lang='lat' dir='ltr'>demonstracio]</span> <span class='ocrx_word' id='word_1_346' title='bbox 798 2750 840 2780; x_wconf 86' lang='lat' dir='ltr'>de</span> <span class='ocrx_word' id='word_1_347' title='bbox 857 2750 957 2780; x_wconf 89' lang='lat' dir='ltr'>modo</span> <span class='ocrx_word' id='word_1_348' title='bbox 975 2749 1016 2779; x_wconf 89' lang='lat' dir='ltr'><em>M</em></span> <span class='ocrx_word' id='word_1_349' title='bbox 1113 2760 1154 2788; x_wconf 84' lang='lat'>24</span> <span class='ocrx_word' id='word_1_350' title='bbox 1179 2750 1286 2788; x_wconf 88' lang='lat' dir='ltr'>possit</span> <span class='ocrx_word' id='word_1_351' title='bbox 1298 2760 1362 2780; x_wconf 82' lang='lat' dir='ltr'>om.</span> <span class='ocrx_word' id='word_1_352' title='bbox 1379 2749 1413 2779; x_wconf 90' lang='lat' dir='ltr'><em>F</em></span> <span class='ocrx_word' id='word_1_353' title='bbox 1518 2750 1560 2779; x_wconf 87' lang='lat'>26</span> <span class='ocrx_word' id='word_1_354' title='bbox 1581 2749 1609 2779; x_wconf 90' lang='lat' dir='ltr'>si</span> <span class='ocrx_word' id='word_1_355' title='bbox 1625 2748 1711 2789; x_wconf 90' lang='lat' dir='ltr'>non]</span> <span class='ocrx_word' id='word_1_356' title='bbox 1727 2749 1805 2779; x_wconf 88' lang='lat' dir='ltr'>licet</span> 
     </span>
     <span class='ocr_line' id='line_1_41' title="bbox 280 2798 1741 2841; baseline 0.002 -14"><span class='ocrx_word' id='word_1_357' title='bbox 280 2809 345 2828; x_wconf 80' lang='lat' dir='ltr'>non</span> <span class='ocrx_word' id='word_1_358' title='bbox 366 2798 422 2828; x_wconf 84' lang='lat' dir='ltr'><em>FB</em></span> <span class='ocrx_word' id='word_1_359' title='bbox 520 2810 562 2838; x_wconf 81' lang='lat'>30</span> <span class='ocrx_word' id='word_1_360' title='bbox 588 2800 778 2839; x_wconf 84' lang='lat' dir='ltr'>Capitulum</span> <span class='ocrx_word' id='word_1_361' title='bbox 798 2826 803 2832; x_wconf 93' lang='lat'><strong><em>.</em></strong></span> <span class='ocrx_word' id='word_1_362' title='bbox 826 2826 831 2832; x_wconf 92' lang='lat'><em>.</em></span> <span class='ocrx_word' id='word_1_363' title='bbox 851 2825 857 2831; x_wconf 93' lang='lat'><strong>.</strong></span> <span class='ocrx_word' id='word_1_364' title='bbox 879 2800 1102 2841; x_wconf 84' lang='lat' dir='ltr'>spiritualium</span> <span class='ocrx_word' id='word_1_365' title='bbox 1120 2812 1184 2832; x_wconf 82' lang='lat' dir='ltr'>om.</span> <span class='ocrx_word' id='word_1_366' title='bbox 1206 2801 1239 2831; x_wconf 90' lang='lat' dir='ltr'><em>F</em></span> <span class='ocrx_word' id='word_1_367' title='bbox 1323 2800 1496 2841; x_wconf 86' lang='lat' dir='ltr'>octavum]</span> <span class='ocrx_word' id='word_1_368' title='bbox 1513 2802 1690 2840; x_wconf 87' lang='lat' dir='ltr'>septimum</span> <span class='ocrx_word' id='word_1_369' title='bbox 1706 2800 1741 2830; x_wconf 92' lang='lat' dir='ltr'><em>D</em></span> 
     </span>
    </p>
   </div>
   <div class='ocr_carea' id='block_1_8' title="bbox 1821 863 1858 885">
    <p class='ocr_par' dir='ltr' id='par_1_9' title="bbox 1821 863 1858 885">
     <span class='ocr_line' id='line_1_42' title="bbox 1821 863 1858 885; baseline -0.027 0"><span class='ocrx_word' id='word_1_370' title='bbox 1821 863 1858 885; x_wconf 88' lang='lat'>10</span> 
     </span>
    </p>
   </div>
   <div class='ocr_carea' id='block_1_9' title="bbox 1823 1207 1858 1238">
    <p class='ocr_par' dir='ltr' id='par_1_10' title="bbox 1823 1207 1858 1238">
     <span class='ocr_line' id='line_1_43' title="bbox 1823 1207 1858 1238; baseline 0 0"><span class='ocrx_word' id='word_1_371' title='bbox 1823 1207 1858 1238; x_wconf 90' lang='grc' dir='ltr'>Ι5</span> 
     </span>
    </p>
   </div>
   <div class='ocr_carea' id='block_1_10' title="bbox 1824 1550 1860 1571">
    <p class='ocr_par' dir='ltr' id='par_1_11' title="bbox 1824 1550 1860 1571">
     <span class='ocr_line' id='line_1_44' title="bbox 1824 1550 1860 1571; baseline 0 0"><span class='ocrx_word' id='word_1_372' title='bbox 1824 1550 1860 1571; x_wconf 85' lang='grc'>20</span> 
     </span>
    </p>
   </div>
   <div class='ocr_carea' id='block_1_11' title="bbox 1825 1893 1861 1924">
    <p class='ocr_par' dir='ltr' id='par_1_12' title="bbox 1825 1893 1861 1924">
     <span class='ocr_line' id='line_1_45' title="bbox 1825 1893 1861 1924; baseline 0 0"><span class='ocrx_word' id='word_1_373' title='bbox 1825 1893 1861 1924; x_wconf 84' lang='lat'>25</span> 
     </span>
    </p>
   </div>
   <div class='ocr_carea' id='block_1_12' title="bbox 1822 2302 1863 2333">
    <p class='ocr_par' dir='ltr' id='par_1_13' title="bbox 1822 2302 1863 2333">
     <span class='ocr_line' id='line_1_46' title="bbox 1822 2302 1863 2333; baseline 0 -10"><span class='ocrx_word' id='word_1_374' title='bbox 1822 2302 1863 2333; x_wconf 75' lang='lat'>30</span> 
     </span>
    </p>
   </div>
  </div>
 </body>
</html>
