1898 3126
819 161 898 213 267

97 275 361 329 hujusmodi,
393 274 495 315 licet
526 274 665 315 forma
691 275 745 315 sit
771 274 1107 315 instrumentum
1141 275 1263 315 istius
1294 275 1496 316 accionis
1550 274 1627 315 Set

98 345 278 386 effectus
299 342 564 384 assimilatur
584 343 743 395 agenti,
759 357 862 397 ergo
885 342 1066 384 effectus
1089 344 1327 396 productus
1352 358 1429 396 per
1449 357 1627 397 genera-

97 414 266 456 cionem
289 412 370 453 erit
392 425 467 465 per
488 425 534 452 se
551 412 819 463 compositus
837 419 880 452 et
903 426 989 452 non
1013 412 1215 464 simplex,
1229 418 1272 453 et
1296 412 1630 453 Commentator

100 481 206 523 dicit
227 494 357 534 super
379 481 569 534 primum
591 480 659 520 De
679 480 848 521 Anima
869 481 1003 533 quod,
1025 481 1136 522 sicut
1162 481 1310 521 anima
1328 481 1463 521 leonis
1482 479 1626 521 differt

63 570 80 600 5
101 551 156 591 ab
187 549 334 590 anima
364 548 564 590 animalis
596 548 772 589 alterius
802 549 1041 590 secundum
1073 550 1277 603 speciem,
1304 549 1364 590 sic
1396 563 1554 601 corpus
1585 555 1627 589 et

103 617 326 666 membra3
378 623 444 658 set
485 632 510 657 a
546 624 669 671 parte
711 618 905 671 corporis
948 625 991 659 et
1034 617 1330 658 membrorum
1379 617 1631 673 atltenclitur

103 687 297 737 materia,
329 700 433 739 ergo
466 686 648 727 materia
680 687 992 728 diversificatur
1024 688 1264 729 secundum
1297 687 1488 740 speciem
1521 687 1632 728 sicut

103 755 243 797 forma
276 755 318 794 in
354 755 525 795 duobus
560 756 816 808 compositis
859 756 1040 797 diversis
1077 757 1316 797 secundum
1354 756 1557 808 speciem,
1589 761 1634 795 θῖ

104 829 278 877 oportet
307 825 425 876 quod
456 829 662 876 generata
693 824 861 864 diversa
892 825 976 865 sint
1003 824 1248 878 composita
1273 825 1443 865 diversa
1472 830 1515 864 et
1547 837 1632 863 non

47 910 85 932 ιο
103 893 242 934 forme
263 898 447 933 tantum.
512 891 644 944 Quod
676 898 825 933 autem
858 893 1072 934 invenitur
1103 894 1159 933 ab
1191 892 1432 934 Aristotele
1463 899 1506 933 et
1537 891 1633 932 aliis

105 962 223 1015 quod
240 960 377 1001 forma
394 966 459 1001 est
478 959 574 1000 finis
592 967 635 1001 et
652 961 861 1002 terminus
878 962 1183 1015 generacionis‚
1198 962 1281 1002 hoc
1300 961 1633 1014 intelligendum

107 1037 171 1070 est
194 1029 519 1070 antonomatice
552 1036 749 1082 respectu
777 1030 958 1071 materie
991 1037 1170 1084 propter
1191 1030 1465 1071 nobilitatem
1498 1029 1636 1069 forme

107 1099 209 1152 quia
241 1104 397 1138 natura
428 1097 725 1150 principaliter
757 1099 946 1141 intendit
980 1113 1089 1140 eam.
1151 1100 1254 1139 Non
1283 1105 1432 1139 tamen
1464 1098 1547 1138 hoc
1573 1098 1636 1136 in-

108 1167 393 1220 telligendum
416 1172 481 1206 θεῖ
503 1173 699 1219 respectu
721 1169 954 1221 compositi
974 1169 1008 1209 si
1031 1169 1086 1209 de
1108 1168 1248 1209 forma
1265 1182 1373 1222 pura
1395 1168 1638 1220 loquamur,

52 1253 88 1285 15
109 1236 210 1290 quia
227 1235 523 1288 compositum
538 1241 603 1275 est
618 1236 807 1276 nobilius
825 1235 975 1284 forma,
994 1243 1040 1277 ut
1057 1238 1241 1277 docetur
1256 1242 1299 1287 70
1312 1234 1638 1288 liffetlzaplzz'sice,

109 1312 151 1346 et
193 1304 372 1357 planum
412 1309 478 1344 est
528 1303 630 1356 quia
671 1305 965 1357 compositum
1008 1306 1140 1346 habet
1182 1311 1321 1346 totam
1364 1304 1639 1344 nobilitatem

111 1373 248 1414 forme
270 1378 313 1413 et
346 1372 525 1412 materie
547 1385 633 1424 que
659 1379 724 1413 est
744 1386 845 1413 vera
871 1374 1121 1414 substancia
1149 1380 1192 1414 et
1222 1373 1379 1414 nobilis
1401 1372 1638 1413 secundum

111 1456 168 1492 se,
194 1441 295 1481 licet
324 1453 411 1480 non
442 1440 501 1480 ita
529 1440 684 1481 nobilis
709 1441 819 1482 sicut
849 1441 989 1483 forma
1017 1448 1059 1482 et
1088 1442 1393 1495 compositum.
1457 1441 1516 1481 Et
1543 1440 1641 1480 ideo

111 1509 345 1551 dicendum
369 1509 425 1549 ad
449 1521 601 1548 omnes
624 1507 734 1549 tales
763 1510 1058 1560 auctoritates,
1081 1511 1182 1563 quia
1211 1510 1352 1551 forma
1372 1509 1439 1550 vel
1461 1508 1642 1549 formale

52 1594 93 1615 20
112 1577 296 1619 sumitur
316 1590 403 1617 non
427 1576 569 1616 solum
589 1590 668 1629 pro
691 1591 743 1618 eo
765 1578 883 1629 quod
908 1584 972 1619 est
989 1592 1089 1618 vera
1105 1585 1149 1619 et
1171 1591 1280 1631 pura
1299 1578 1448 1628 forma,
1465 1578 1642 1625 scilicet,

113 1646 249 1687 altera
282 1659 380 1698 pars
414 1646 660 1698 compositi,
693 1652 758 1686 set
797 1648 1088 1687 communiter
1119 1647 1173 1687 ad
1213 1660 1344 1687 omne
1388 1647 1493 1687 illud
1525 1645 1643 1699 quod

115 1714 270 1755 ultimo
292 1713 470 1754 advenit
498 1720 541 1754 et
570 1714 764 1767 complet
793 1721 837 1755 et
865 1715 999 1756 habet
1028 1716 1166 1767 magis
1194 1715 1249 1755 de
1277 1721 1389 1764 actu,
1412 1722 1454 1755 et
1476 1715 1559 1755 hoc
1581 1721 1646 1754 est

117 1782 410 1836 compositum
434 1781 683 1834 specificum
717 1788 916 1835 respectu
940 1783 1172 1837 compositi
1194 1783 1375 1836 generis,
1399 1790 1441 1823 et
1464 1783 1646 1823 materia

115 1850 317 1906 specifica
340 1856 538 1903 respectu
555 1850 736 1891 materie
753 1852 933 1903 generiS,
947 1852 1058 1892 sicut
1076 1850 1216 1892 forma
1234 1850 1433 1903 specifica
1448 1857 1645 1903 respectu

59 1936 96 1965 25
118 1920 254 1960 forme
286 1919 469 1971 generis.
532 1918 676 1959 Omne
711 1920 826 1958 enim
863 1920 981 1972 quod
1020 1926 1084 1960 est
1128 1920 1168 1959 in
1203 1919 1403 1972 potencia
1440 1920 1495 1959 ad
1528 1919 1646 1959 aliud

118 1996 161 2030 et
183 1987 428 2040 completur
451 2000 527 2040 per
550 1986 654 2026 illud
679 1993 722 2028 et
745 1988 897 2040 recipit
921 2002 1013 2028 esse
1041 1988 1211 2028 actuale
1233 2002 1310 2040 per
1340 1987 1445 2028 illud
1467 1995 1648 2028 vocatur

121 2056 343 2098 materiale
384 2056 474 2096 sive
510 2055 565 2095 sit
600 2056 893 2107 compositum
936 2056 1249 2108 incompletum
1288 2069 1362 2095 seu
1397 2054 1538 2095 forma
1573 2070 1647 2095 seu

121 2139 229 2179 pura
252 2123 445 2173 materia,
468 2123 571 2175 quia
597 2123 705 2163 tales
733 2131 832 2164 sunt
865 2124 1151 2177 proprietates
1185 2125 1377 2165 materie.
1441 2122 1650 2164 Similiter

122 2192 306 2235 formale
327 2198 510 2232 vocatur
531 2205 662 2231 omne
685 2191 789 2232 illud
809 2193 926 2245 quod
944 2192 1076 2233 habet
1096 2192 1342 2233 consimiles
1360 2193 1650 2245 proprietates

62 2276 103 2307 30
123 2268 275 2302 nature
316 2261 463 2306 forme,
507 2259 682 2310 scilicet,
723 2267 810 2301 tres
861 2261 1093 2313 predictas,
1136 2267 1180 2301 et
1222 2259 1310 2301 tale
1362 2259 1543 2300 formale
1584 2268 1650 2301 est

122 2328 420 2371 universaliter
441 2328 651 2368 terminus
672 2329 975 2380 generacioniS.
1006 2327 1011 2382 Ι

166 2486 185 2513 4
210 2477 264 2505 De
281 2472 436 2513 Anima]
455 2473 475 2504 i.
494 2482 545 2511 53.
727 2481 764 2510 15
789 2472 1078 2513 Methaphisice]
1097 2472 1152 2502 vii.
1173 2482 1198 2510 7.
1380 2483 1418 2511 31
1446 2474 1510 2503 end
1529 2472 1567 2503 of
1579 2472 1617 2502 F.

172 2617 209 2646 17
235 2605 370 2646 nobilis]
386 2605 531 2636 nobilius
547 2604 580 2634 F
667 2613 705 2643 19
729 2603 821 2644 quia]
842 2603 931 2642 quod
949 2602 981 2632 F
1066 2612 1107 2632 22
1132 2602 1249 2633 ultimo
1265 2613 1326 2633 om.
1344 2602 1376 2632 F
1461 2612 1569 2642 23—24
1586 2612 1653 2632 ma-

126 2659 211 2690 terie
229 2683 235 2690 .
255 2682 262 2690 .
284 2680 291 2688 .
309 2661 466 2696 respectu
484 2666 548 2688 om.
569 2655 602 2685 F
727 2665 770 2694 30
793 2654 929 2695 nature]
947 2664 1029 2685 vere
1046 2654 1078 2683 F
