1898 3126
32 781 68 812 F.
94 786 187 819 10711
209 787 235 810 1.

108 1877 234 1909 (Jfibz.

987 115 1068 157 230

257 223 398 262 dicere
434 221 553 273 quod
589 220 645 260 de
679 219 742 258 sui
781 223 936 258 natura
972 215 1131 257 alicubi
1173 221 1303 266 sunt;
1349 215 1450 268 quia
1487 227 1573 254 non
1619 212 1784 253 habent

257 291 388 331 situm
424 303 504 330 nec
542 289 823 343 posicionem.
890 286 1048 327 Unitas
1094 285 1209 325 enim
1244 298 1333 326 non
1368 290 1434 325 est
1470 284 1539 324 hic
1583 295 1661 323 nec
1696 281 1783 332 ibi;

257 373 399 412 neque
441 359 586 400 locum
626 356 887 398 divisibilem
929 368 1072 407 neque
1110 353 1415 394 indivisibilem
1452 358 1663 406 occupat3
1707 364 1785 391 nec

257 442 431 482 presens
462 434 529 468 est
559 427 685 467 alicui
717 426 815 467 loco
848 424 1113 470 naturaliter,
1136 429 1180 463 et
1212 423 1267 463 de
1298 437 1354 472 se,
1377 429 1442 462 set
1473 435 1549 475 per
1575 421 1787 470 accidens

256 499 428 539 racione
450 496 641 550 corporis
664 495 784 547 cujus
807 501 870 535 est
893 494 1046 534 unitas.
1110 493 1231 545 Ergo
1254 491 1534 532 manifestum
1564 497 1627 531 est
1657 490 1777 542 quod

255 567 386 621 longe
408 567 547 606 minus
569 565 819 606 substancia
845 562 1091 617 spiritualis,
1109 574 1192 614 que
1221 575 1247 602 a
1270 575 1450 614 corpore
1467 574 1555 601 non
1570 559 1788 614 dependet

254 636 401 688 aliquo
424 635 567 682 modo,
590 634 769 674 habebit
793 638 1037 684 respectum
1054 629 1122 670 vel
1145 631 1523 684 comparacionem
1547 629 1603 670 ad
1636 629 1781 670 locum

256 705 535 759 corporalem.
602 704 728 750 Item,
750 715 908 755 corpus
933 714 1019 740 non
1041 700 1175 740 habet
1200 699 1394 752 aliquam
1418 699 1751 752 proporcionem
1780 697 1783 751 ἰ

256 788 334 815 ηερ
363 772 740 827 comparacionem
773 771 829 811 ad
861 769 1006 811 locum
1039 767 1339 821 spiritualem;
1373 781 1476 821 ergo
1505 780 1583 808 ηερ
1610 767 1785 820 spiritus

254 845 309 884 ad
332 843 476 883 locum
503 839 787 894 corporalem.

316 912 441 963 Item,
463 911 603 951 omnis
631 923 709 960 res,
731 921 817 962 que
840 907 984 948 locum
1012 906 1158 955 habet,
1181 913 1256 947 aut
1289 906 1421 946 habet
1444 905 1588 946 locum
1612 910 1785 945 natura-

254 981 339 1021 lem
362 986 437 1019 aut
459 977 770 1019 accidentalem
790 992 797 1027 ;
831 982 897 1016 set
919 990 986 1016 res
1017 989 1101 1028 que
1133 975 1266 1015 habet
1288 975 1430 1015 locum
1455 974 1784 1021 accidentalem,

255 1055 302 1089 ut
336 1049 456 1102 lapis,
489 1048 563 1100 qui
593 1056 657 1088 est
691 1046 885 1087 elevatus
919 1058 1101 1094 sursum,
1139 1050 1204 1085 est
1239 1044 1296 1084 ibi
1330 1058 1406 1097 per
1437 1043 1709 1090 violenciam,
1743 1048 1787 1082 et

254 1118 385 1158 habet
424 1116 708 1157 necessariam
751 1114 1078 1155 inclinacionem
1114 1113 1169 1153 ad
1207 1113 1352 1152 locum
1395 1112 1655 1153 naturalem.
1720 1112 1780 1151 Et

254 1187 351 1226 ideo
388 1198 519 1226 omne
555 1185 674 1238 quod
710 1184 844 1224 habet
881 1183 1022 1223 locum
1058 1181 1369 1222 accidentalem
1409 1182 1450 1222 in
1480 1187 1594 1228 actu,
1629 1186 1782 1233 aptum

254 1261 407 1294 natum
430 1261 494 1294 est
526 1254 686 1294 habere
713 1253 856 1293 locum
887 1252 1142 1298 naturalem,
1164 1250 1205 1290 in
1234 1264 1322 1303 quo
1354 1250 1556 1297 salvatur,
1586 1256 1629 1290 et
1658 1256 1786 1290 extra

254 1336 386 1375 quam
431 1329 497 1362 est
530 1335 608 1375 per
647 1321 918 1362 violenciam.
981 1320 1059 1361 Set
1096 1322 1138 1360 in
1186 1319 1443 1360 substanciis
1493 1318 1788 1373 spiritualibus

255 1404 340 1432 non
364 1398 428 1431 est
452 1391 596 1443 aliqua
617 1390 827 1430 violencia
846 1404 853 1439 ;
887 1402 990 1441 ergo
1012 1402 1098 1429 non
1120 1395 1301 1442 possunt
1324 1388 1483 1429 habere
1507 1387 1649 1428 locum
1676 1387 1788 1427 acci-

254 1460 486 1500 dentalem.
550 1459 708 1510 Neque
748 1458 790 1497 in
832 1458 891 1497 eis
933 1459 1163 1498 necessitas
1198 1464 1262 1498 est
1298 1457 1650 1508 conservacionis‚
1688 1456 1791 1508 quia

255 1526 603 1580 incorruptibiles
635 1534 760 1577 sunt;
795 1540 898 1579 ergo
922 1526 1040 1566 nullo
1064 1527 1198 1567 modo
1222 1526 1364 1566 locum
1394 1526 1473 1565 sibi
1497 1525 1790 1566 determinant

255 1596 514 1643 naturalem,
538 1602 581 1635 et
606 1595 666 1635 ita
690 1595 810 1634 nullo
834 1595 966 1634 modo
985 1594 1211 1635 habebunt
1234 1594 1391 1634 locum.

314 1663 360 1703 Si
404 1665 572 1705 dicatur
613 1664 731 1716 quod
775 1663 1024 1704 substancia
1066 1663 1300 1716 spiritualis
1342 1676 1430 1703 non
1479 1663 1645 1715 indiget
1692 1663 1789 1703 loco

254 1732 448 1773 salvante
485 1739 549 1772 set
580 1733 844 1781 continente,
874 1732 975 1784 quia
1010 1738 1073 1772 est
1108 1746 1205 1785 pars
1238 1732 1528 1772 universitatis
1557 1745 1711 1781 rerum,
1746 1739 1790 1772 et

255 1808 380 1841 extra
402 1801 542 1841 celum
565 1814 658 1841 esse
690 1814 777 1840 non
804 1806 949 1853 posset
982 1813 1059 1840 ηερ
1093 1800 1235 1848 debet,
1258 1806 1301 1840 et
1333 1801 1431 1840 ideo
1461 1799 1673 1840 limitatur
1694 1799 1789 1851 ejus

1814 826 1898 868 10³

1812 1537 1849 1558 20

256 1876 410 1910 natura
432 1875 479 1909 ut
508 1869 511 1922 Ι
540 1870 595 1909 sit
617 1869 724 1909 infra
754 1869 895 1908 celum
927 1875 1146 1916 contenta,
1168 1875 1318 1909 contra
1349 1868 1432 1909 hoc
1461 1874 1525 1908 est
1556 1868 1790 1922 multiplex
1811 1880 1848 1910 25

257 1940 383 1979 racio.
436 1939 552 1978 Nam
587 1939 727 1979 celum
761 1938 963 1978 ultimum
996 1938 1140 1978 locum
1174 1951 1260 1978 non
1292 1937 1436 1989 habet,
1467 1944 1510 1978 et
1541 1944 1692 1978 tamen
1725 1944 1789 1979 est

256 2022 354 2061 pars
395 2008 611 2057 universi;
653 2020 730 2047 nec
765 2006 943 2059 aliquod
988 2007 1131 2048 celum
1169 2007 1335 2059 indiget
1368 2007 1465 2047 loco
1507 2007 1787 2058 continente3

255 2078 356 2129 quia
387 2077 420 2116 si
450 2076 589 2117 celum
622 2076 825 2115 ultimum
853 2088 941 2116 non
970 2082 1081 2116 esset
1114 2077 1169 2116 de
1201 2076 1398 2129 partibus
1431 2076 1616 2116 universi
1648 2076 1787 2117 celum

256 2145 544 2198 penultimum
564 2145 707 2185 locum
732 2158 818 2184 non
836 2145 1029 2192 haberet,
1052 2157 1131 2185 ηερ
1155 2145 1392 2192 continens,
1416 2158 1495 2186 nec
1516 2144 1713 2194 salvans3
1745 2152 1788 2185 et

254 2214 314 2254 sic
349 2227 427 2253 ηερ
464 2214 608 2265 aliquo
643 2212 749 2253 celo.
815 2213 947 2254 Unde
983 2214 1101 2265 quod
1145 2226 1230 2253 non
1271 2212 1440 2267 indiget
1472 2212 1668 2253 salvante
1701 2227 1787 2253 non
1807 2227 1848 2257 30

258 2282 424 2333 indiget
446 2281 706 2328 continente,
729 2288 771 2321 et
794 2282 893 2322 ideo
918 2282 997 2322 celi
1028 2295 1114 2322 non
1138 2282 1333 2334 indigent
1358 2281 1507 2334 aliquo
1533 2282 1627 2322 loco
1649 2283 1787 2323 conti-

257 2356 414 2399 nente3
452 2363 586 2402 quare
617 2350 746 2403 longe
780 2350 920 2404 magis
953 2350 1201 2391 substancia
1233 2350 1472 2403 spiritualis
1501 2363 1587 2390 non
1621 2350 1786 2404 indige-

257 2419 319 2459 bit
357 2419 452 2459 loco
487 2418 749 2458 continente.
827 2418 953 2465 Item,
987 2425 1141 2458 natura
1178 2418 1454 2458 elementaris
1485 2419 1587 2470 quia
1622 2418 1788 2471 indiget

254 2486 451 2526 salvante
493 2487 591 2526 ideo
634 2486 801 2539 indiget
843 2487 1105 2526 continente.
1185 2486 1318 2527 Unde
1359 2485 1499 2526 celum
1547 2500 1622 2539 per
1663 2501 1786 2528 suam

303 2580 315 2599 1
342 2570 480 2610 alicubi]
497 2570 595 2600 alicui
611 2570 637 2599 F
770 2580 789 2599 2
813 2579 876 2599 nec
892 2569 1113 2608 posicionem.
1163 2569 1303 2610 Unitas]
1322 2580 1384 2600 nec
1401 2570 1510 2600 unitas
1526 2570 1559 2599 F
1695 2581 1712 2610 7
1736 2581 1787 2602 re-

255 2621 424 2661 spectum]
452 2622 619 2652 racionem
644 2621 719 2650 MD
854 2631 892 2651 10
914 2620 1143 2661 corporalem]
1168 2631 1197 2651 c.
1221 2631 1284 2660 per
1307 2620 1416 2652 locum
1441 2632 1460 2651 a
1483 2626 1688 2653 commutata
1712 2633 1787 2661 pro-

257 2672 374 2710 porcio
402 2672 435 2702 F
603 2682 640 2711 13
664 2678 715 2703 est
743 2672 912 2712 elevatus]
942 2672 1095 2703 elevatur
1120 2672 1218 2702 FBD
1389 2682 1427 2711 17
1451 2673 1567 2713 quarn]
1595 2683 1694 2712 quem
1719 2673 1788 2703 BD

261 2733 299 2761 19
323 2723 416 2763 quia]
434 2723 591 2762 quoniam
608 2723 643 2753 D
756 2733 796 2760 23
823 2723 917 2763 quia]
934 2734 1000 2762 que
1017 2724 1059 2754 M
1160 2734 1200 2762 25
1225 2729 1343 2754 contra
1361 2725 1425 2754 hoc
1444 2723 1512 2764 est]
1530 2730 1582 2755 set
1600 2729 1651 2755 est
1667 2730 1786 2755 contra

257 2775 320 2803 lioc
340 2774 379 2803 M
506 2785 550 2813 30
573 2774 699 2815 aliquo]
718 2775 759 2804 de
776 2775 890 2814 aliquo
907 2775 990 2805 FB:
1016 2775 1048 2805 in
1065 2775 1148 2806 alico
1166 2775 1200 2804 l)
1332 2786 1371 2814 34
1397 2775 1491 2816 ideo]
1513 2776 1579 2806 idio
1598 2775 1639 2805 M
