1877 3131
807 115 885 158 179

84 234 210 264 evum
234 227 299 261 est
314 220 525 260 terminus
539 219 750 271 temporis
766 219 802 259 si
817 226 882 259 est
901 216 1173 266 indivisibile,
1191 223 1233 257 et
1251 217 1311 257 ita
1332 216 1412 256 erit
1431 216 1613 257 instans.

88 290 197 331 Cum
220 288 352 341 igitur
374 288 458 328 hoc
488 288 544 327 sit
575 286 844 339 inpossibile,
868 299 996 325 evum
1027 298 1114 324 non
1141 286 1221 324 erit
1249 283 1520 333 indivisibile,
1542 290 1609 324 set

86 365 230 412 partes
251 363 296 398 et
317 357 574 397 divisionem
597 356 790 402 habebit,
815 360 862 394 ut
884 355 1068 394 videtur.

141 426 216 467 Ad
239 425 322 467 hoc
346 425 592 473 dicendum,
614 423 730 476 quod
766 436 894 463 evum
921 428 986 462 est
1010 423 1052 462 in
1075 421 1404 474 predicamento
1438 421 1612 473 quanti-

49 514 63 543 :
85 496 187 536 tatis
217 495 327 535 sicut
348 494 523 547 species,
547 499 590 533 et
613 505 699 532 non
729 492 841 533 sicut
863 491 1123 545 principium
1147 489 1416 530 indivisibile.
1483 489 1615 529 Unde

85 576 163 604 nec
185 569 250 604 est
272 563 493 615 quantitas
521 561 758 609 divisibilis,
782 574 858 601 nec
891 566 956 600 est
981 560 1191 600 terminus
1219 558 1317 598 talis
1345 558 1615 610 quantitatis,

86 638 150 673 set
181 638 248 673 est
282 645 394 672 nova
431 632 608 684 species,
647 631 758 671 sicut
786 629 1035 670 substancia
1069 629 1322 680 incorporea
1354 635 1418 667 est
1450 626 1613 678 species

85 701 347 749 substancie,
380 707 423 741 et
458 713 544 741 non
579 706 645 740 est
682 712 839 752 corpus
881 698 1130 739 substancia
1172 697 1313 749 neque
1354 695 1612 748 principium

85 770 202 823 ejus;
236 776 278 809 et
311 770 409 810 ideo
443 781 571 809 evum
609 774 754 821 potest
789 780 882 808 esse
914 766 1186 814 indivisibile,
1224 766 1334 805 sicut
1367 763 1615 814 substancia

85 838 323 891 spiritualis
345 844 411 878 est
433 836 703 877 indivisibilis
726 851 733 886 ;
765 843 808 877 et
836 842 987 876 tamen
1010 848 1096 876 non
1120 835 1200 875 erit
1228 833 1445 875 divisibile
1475 846 1616 885 neque

85 908 296 948 terminus
318 906 386 947 vel
410 905 669 959 principium
692 904 873 957 alicujus
895 904 1153 957 quantitatis
1175 901 1413 943 divisibilis.
1482 901 1615 942 Unde

86 975 198 1015 sicut
220 975 469 1014 substancia
491 974 747 1026 incorporea
765 987 842 1014 nec
865 979 929 1013 est
952 972 1215 1012 indivisibile
1233 978 1281 1011 ut
1303 971 1520 1019 athomus,
1536 983 1616 1010 nec

87 1042 301 1083 divisibile
337 1039 388 1082 ut'
418 1056 586 1095 corpus,
614 1050 678 1082 set
712 1048 778 1081 est
815 1048 970 1082 natura
1004 1040 1206 1081 absoluta
1240 1040 1326 1081 alia
1361 1040 1418 1080 ab
1450 1040 1525 1089 eis,
1554 1039 1615 1078 sic

88 1125 215 1152 evum
231 1125 308 1151 nec
323 1118 390 1152 est
407 1111 671 1151 indivisibile
694 1117 738 1150 ut
756 1111 932 1159 instans,
952 1123 1030 1150 nec
1047 1116 1112 1150 est
1129 1109 1347 1150 divisibile
1364 1116 1411 1149 ut
1427 1115 1615 1161 tempus,

52 1199 66 1229 ς
88 1187 154 1221 set
176 1193 377 1220 mensura
399 1179 602 1221 absoluta
625 1180 706 1219 alia
729 1179 785 1219 ab
808 1178 904 1219 illis.
968 1177 1045 1219 Set
1063 1186 1226 1222 contra,
1250 1191 1382 1217 omne
1403 1183 1615 1230 quantum

89 1255 154 1290 est
176 1248 390 1289 divisibile
412 1249 454 1288 in
478 1247 708 1296 infinitum,
732 1255 775 1288 et
796 1248 1070 1297 Aristoteles,
1095 1253 1141 1297 50
1162 1246 1488 1299 stletlzapln·sice‚
1512 1246 1616 1286 dicit

89 1318 381 1370 quantitatem
419 1330 523 1366 esse,
566 1331 651 1370 que
685 1317 894 1357 dividitur
924 1317 966 1356 in
1009 1317 1145 1370 plura.
1210 1317 1458 1356 Dicendum
1496 1315 1617 1367 quod

90 1386 339 1440 hujusmodi
362 1399 583 1427 sermones
606 1387 810 1427 dicuntur
827 1387 881 1426 de
904 1386 1084 1426 famosis
1102 1385 1331 1437 speciebus
1346 1384 1617 1437 quantitatis,

90 1461 133 1496 et
173 1456 228 1496 de
256 1453 261 1509 Ι
287 1455 446 1508 quibus
478 1454 742 1496 Aristoteles
777 1455 1105 1508 exemplificat3
1148 1455 1203 1495 de
1238 1453 1397 1506 quibus
1432 1466 1520 1493 non
1554 1458 1620 1493 est
1640 1461 1675 1491 F.
1698 1469 1756 1491 100
1774 1460 1794 1491 b
1814 1468 1840 1490 z.

35 1544 72 1565 20
92 1537 229 1565 evum.
291 1523 366 1564 Set
388 1524 423 1563 si
456 1524 643 1565 obicitur
674 1525 793 1576 quod
828 1524 1010 1564 Boecius
1037 1523 1156 1571 dicit,
1192 1528 1236 1576 30
1263 1521 1619 1570 Consolaezmmn,

90 1593 209 1646 quod
243 1599 417 1646 tempus
454 1594 510 1633 ab
545 1606 626 1633 evo
661 1593 868 1646 procedit,
901 1605 1008 1645 ergo
1042 1592 1121 1632 erit
1156 1592 1349 1631 instans:
1384 1591 1619 1630 dicendum

92 1668 168 1711 est,
190 1661 306 1714 quod
329 1667 504 1715 tempus
526 1663 581 1701 ab
604 1675 682 1702 evo
700 1662 910 1715 procedit,
932 1662 975 1701 id
999 1672 1075 1710 est,
1092 1666 1192 1713 post
1214 1674 1355 1707 evum,
1379 1660 1620 1700 secundum

91 1731 208 1782 quod
237 1730 501 1771 Aristoteles
536 1731 777 1783 distinguit,
818 1734 861 1771 20
894 1737 938 1771 et
976 1734 1021 1780 50
1055 1729 1377 1781 slletlmpllisz'ce‚
1413 1729 1531 1781 quod
1566 1728 1621 1768 ab

92 1798 203 1840 alico
236 1806 302 1840 est
340 1799 665 1852 multipliciter;
697 1807 772 1840 aut
806 1799 1059 1840 ordinaliter
1096 1806 1142 1839 ut
1175 1812 1231 1838 ex
1265 1804 1393 1838 nocte
1425 1797 1474 1838 fit
1500 1797 1621 1845 dies;

37 1886 73 1917 25
91 1873 166 1908 aut
209 1868 500 1917 materialiter,
540 1875 587 1909 ut
625 1882 681 1908 ex
718 1869 828 1908 ferro
866 1867 915 1908 fit
961 1867 1185 1915 cultellus;
1218 1874 1294 1907 aut
1331 1865 1538 1915 effective,
1574 1871 1624 1905 ut

93 1949 148 1976 ex
171 1943 294 1990 patre
311 1936 360 1977 fit
382 1936 495 1977 filius
514 1952 522 1987 ;
554 1944 629 1978 aut
647 1936 913 1989 originaliter
938 1935 943 1991 l
974 1944 1183 1989 tanquam
1202 1950 1260 1975 ex
1278 1936 1480 1985 termino,
1496 1941 1544 1974 ut
1566 1933 1622 1974 ab
1641 1953 1677 1985 51
1698 1955 1716 1975 a
1737 1954 1762 1975 ι,

95 2004 270 2046 instanti
292 2005 341 2046 fit
371 2012 558 2059 tempuS,
582 2013 625 2046 et
657 2020 682 2045 a
713 2012 878 2059 puncto
910 2005 959 2045 fit
992 2005 1118 2045 linea.
1181 2004 1259 2045 Set
1291 2004 1543 2044 ordinaliter
1574 2003 1623 2043 fit

94 2077 266 2123 tempus
294 2071 350 2112 ab
380 2085 472 2121 evo,
494 2073 562 2112 vel
596 2077 695 2124 post
728 2085 868 2121 evum,
892 2071 995 2124 quia
1028 2084 1155 2112 evum
1183 2077 1248 2111 est
1278 2083 1478 2111 mensura
1507 2070 1624 2123 prior

93 2145 303 2192 tempore.

37 2224 75 2254 30
153 2206 201 2248 Si
226 2208 406 2260 dicatur,
431 2210 552 2262 quod
583 2209 847 2250 Aristoteles
878 2222 964 2249 non
1002 2209 1125 2262 ponit
1158 2222 1284 2248 evum
1318 2209 1430 2248 inter
1461 2207 1624 2261 species

95 2277 364 2329 quantitatis,
407 2292 486 2319 nec
535 2279 577 2318 in
621 2277 730 2318 libro
772 2276 1216 2326 Predz‘camentorum,
1260 2291 1336 2317 nec
1385 2278 1426 2317 in
1469 2277 1623 2330 quinto

95 2344 416 2398 Methaplzisice‚
446 2346 519 2387 ubi
556 2348 610 2387 de
640 2346 865 2400 speciebus
901 2346 1340 2398 predicamentalibus
1372 2347 1514 2393 docet,
1546 2358 1624 2385 nec

142 2465 181 2494 16
204 2465 496 2505 Methaphisiee]
514 2476 543 2496 v.
567 2466 615 2496 18.
722 2475 764 2495 20
787 2463 1119 2504 Consolaoionum]
1142 2464 1186 2495 iii.
1207 2475 1249 2494 m.
1270 2464 1314 2495 ix.
1414 2473 1455 2503 23
1479 2465 1627 2494 Motha<

95 2515 249 2556 phisiee]
268 2516 300 2548 ii.
318 2527 347 2556 2,
366 2528 398 2547 v.
414 2527 466 2555 29.

139 2620 160 2649 6
183 2630 245 2650 nec
264 2620 332 2660 est]
350 2620 456 2651 eciam
472 2620 505 2649 F
670 2619 862 2659 divisibilis]
880 2619 1096 2649 indivisibilis
1113 2619 1145 2648 F
1351 2630 1389 2650 10
1413 2618 1497 2659 non]
1514 2628 1626 2658 neque

97 2669 194 2700 FBD
320 2681 358 2711 15
382 2676 503 2702 contra
519 2681 586 2702 om.
606 2670 640 2701 D
769 2681 806 2710 19
830 2670 1072 2711 exemplificat]
1089 2671 1234 2710 explicat
1250 2670 1285 2700 D
1403 2681 1445 2701 20
1468 2666 1624 2707 obicitur]

99 2722 306 2753 obiciaturD
382 2734 423 2761 24
450 2723 696 2763 multipliciter]
716 2722 893 2762 multiplex
907 2722 941 2752 D
1016 2724 1058 2753 26
1083 2727 1240 2761 tanquam
1258 2733 1323 2754 om.
1338 2722 1371 2752 D
1453 2724 1494 2753 28
1517 2722 1626 2763 prior]

98 2773 200 2811 priori
217 2774 252 2804 D
