1877 3131
110 890 149 920 45
169 881 189 910 l>
209 891 236 911 2.

989 138 1067 178 162

318 256 489 296 Deinde
506 262 570 296 est
591 255 675 295 alia
692 255 858 307 posicio
879 253 1034 302 falsior,
1049 253 1167 306 quod
1189 259 1364 307 tempus
1385 253 1518 295 habet
1537 255 1748 296 unitatem
1764 270 1789 295 a

260 324 453 373 materia,
468 324 674 376 quoniam
694 323 876 363 materia
897 328 963 362 est
978 322 1100 375 origo
1123 322 1265 362 omnis
1288 322 1605 374 mutabilitatis,
1623 329 1667 364 et
1690 324 1788 364 ideo

260 401 446 447 tempus,
489 393 607 445 quod
640 397 705 433 est
742 391 887 444 passio
925 397 1084 439 motus,
1118 390 1296 430 materie
1333 391 1529 432 debetur.
1591 392 1651 433 Et
1687 392 1789 445 quia

259 467 425 515 ponunt
454 461 570 514 quod
606 460 785 501 materia
812 465 877 499 est
906 472 1039 499 unum
1073 471 1266 509 numero,
1289 459 1437 500 dicunt
1466 460 1584 512 quod
1613 466 1788 513 tempus

259 536 324 570 est
352 542 485 569 unum
519 542 710 577 numero,
740 534 783 568 et
814 527 894 566 hec
926 534 990 568 est
1020 527 1169 580 opinio
1190 526 1368 580 vulgata
1399 529 1517 581 apud
1550 527 1722 579 multos,
1744 536 1788 570 et
1807 543 1825 575 5

260 599 452 638 maxime
480 598 597 650 apud
627 597 843 649 quosdam
874 595 1118 648 theologos.
1181 595 1259 637 Set
1288 596 1367 637 hec
1396 602 1462 638 est
1483 597 1589 638 falsa
1611 604 1788 651 propter

258 668 366 707 duas
398 680 576 707 causas:
609 679 693 705 una
722 672 800 715 θεῖ,
820 666 938 718 quod
972 664 1306 706 fundamentum
1336 678 1486 706 eorum
1521 672 1586 706 θεῖ
1616 665 1789 714 falsum,

258 736 429 780 scilicet,
452 735 567 787 quod
594 734 772 774 materia
798 739 862 773 θεῖ
887 746 970 773 una
993 746 1186 783 numero,
1208 733 1318 774 sicut
1345 735 1463 788 prius
1491 734 1786 775 demonstravi

259 803 531 853 sufficienter,
560 810 624 842 set
662 809 727 842 est
765 815 850 841 una
882 807 1040 854 'genere
1075 802 1433 854 generalissimo;
1466 817 1582 856 ergo,
1614 809 1786 857 tempus

259 885 343 911 non
376 872 517 924 capiet
543 871 753 911 unitatem
776 870 1042 911 numeralem
1071 884 1127 911 ex
1160 884 1222 911 ea.
1252 871 1257 925 Ι
1286 872 1469 918 Deinde,
1493 873 1573 913 etsi
1606 873 1785 913 materia
1809 893 1847 914 10

257 947 368 980 esset
387 953 470 980 una
493 953 682 988 numero,
701 952 786 979 non
808 946 956 979 tamen
979 940 1099 979 daret
1122 940 1333 980 unitatem
1357 941 1556 994 tempori,
1578 941 1783 994 quoniam

258 1009 440 1049 materia
488 1021 573 1047 non
626 1016 822 1049 movetur
869 1008 910 1047 in
946 1014 1059 1054 actu,
1101 1009 1217 1049 unde
1265 1014 1409 1049 motus
1454 1021 1542 1049 non
1593 1015 1659 1050 θεῖ
1707 1008 1785 1049 nisi

257 1077 486 1129 compositi
530 1091 585 1117 ex
628 1077 809 1117 materia
850 1082 894 1116 et
926 1076 1075 1124 forma,
1110 1083 1154 1117 et
1196 1077 1295 1117 ideo
1338 1078 1521 1118 materia
1554 1084 1620 1118 est
1654 1091 1784 1119 causa

260 1152 428 1185 remota
470 1151 667 1199 respectu
710 1145 934 1198 temporis,
976 1151 1042 1185 set
1085 1145 1228 1185 unitas
1269 1146 1506 1186 accidentis
1548 1153 1614 1187 est
1655 1160 1787 1187 causa

256 1214 524 1267 propinqua;
557 1221 601 1254 et
638 1214 841 1267 precipue
877 1227 976 1254 cum
1013 1227 1100 1254 non
1137 1215 1194 1255 sit
1226 1221 1371 1254 motus
1403 1215 1482 1255 nisi
1518 1215 1560 1255 in
1591 1229 1783 1269 corpore,
1807 1235 1842 1267 15

260 1282 425 1322 nullum
451 1283 566 1322 enim
586 1283 887 1335 incorporeum
908 1289 1107 1322 movetur
1129 1284 1367 1323 secundum
1386 1283 1724 1337 philosophiam,
1740 1291 1783 1324 et

255 1351 627 1391 demonstrabitur
655 1352 737 1392 hoc
767 1358 919 1404 postea
951 1352 1069 1404 quod
1100 1352 1267 1391 nullum
1299 1352 1547 1405 impartibile
1571 1360 1782 1401 movetur,

256 1426 303 1459 ut
336 1419 598 1460 Aristoteles
631 1420 772 1467 docet,
805 1426 872 1459 set
906 1421 1088 1460 materia
1120 1433 1206 1460 non
1239 1427 1303 1461 est
1327 1434 1496 1474 corpus.
1577 1421 1780 1462 Ceterum

255 1501 410 1540 corpus
452 1501 528 1528 nec
573 1489 863 1540 compositum
911 1495 977 1528 est
1018 1489 1264 1541 subjectum
1306 1490 1517 1542 temporis
1562 1491 1784 1531 immedia-

253 1563 360 1603 tum,
410 1564 476 1596 set
530 1564 685 1606 motus³
729 1564 776 1598 ut
824 1557 942 1609 prius
993 1564 1216 1598 ostensum
1270 1565 1347 1608 est,
1393 1560 1494 1612 quia
1546 1559 1580 1598 si
1622 1572 1781 1612 corpus
1803 1579 1844 1600 πο

255 1624 332 1664 celi
366 1638 497 1664 unum
530 1639 685 1679 corpus
714 1625 802 1666 tale
832 1633 946 1666 esset
974 1625 1220 1678 subjectum
1254 1628 1465 1679 temporis
1493 1629 1782 1668 mensurantis

255 1700 421 1733 motum
445 1707 582 1742 suum,
606 1700 709 1734 tunc
732 1693 824 1746 ejus
853 1708 943 1734 esse
964 1694 1188 1748 corporale
1216 1703 1537 1737 mensuraretur
1559 1704 1784 1750 tempore;

255 1762 370 1813 quod
416 1761 568 1801 falsum
612 1769 688 1812 est,
737 1763 838 1816 quia
881 1769 1153 1804 mensuratur
1195 1777 1304 1812 evo3
1361 1778 1477 1817 ergo,
1519 1778 1606 1805 non
1648 1765 1781 1806 habet

256 1836 500 1881 respectum
545 1832 600 1871 acl
643 1838 828 1883 tempus,
879 1832 957 1871 nisi
1001 1833 1177 1883 quando
1225 1839 1290 1872 est
1334 1833 1415 1873 sub
1469 1840 1617 1883 motu3
1663 1847 1778 1887 erg0‚

254 1896 383 1951 longe
434 1899 576 1938 minus
618 1900 753 1940 habet
810 1901 990 1940 materia
1039 1907 1282 1953 respectum
1324 1903 1379 1942 ad
1421 1908 1612 1955 tempus,
1647 1915 1781 1955 quare
1801 1920 1842 1952 25

264 1967 444 2007 materia
485 1969 725 2008 secundum
768 1982 813 2008 se
855 1982 941 2009 non
983 1977 1048 2010 est
1090 1969 1182 2022 ejus
1224 1970 1481 2023 subjectum,
1518 1971 1594 2011 sed
1638 1976 1780 2011 motus

262 2035 302 2073 in
335 2048 513 2088 corpore
543 2044 584 2076 et
619 2038 811 2086 materia,
835 2045 877 2078 et
900 2038 998 2079 ideo
1027 2051 1156 2079 causa
1180 2038 1434 2079 immediata
1466 2040 1642 2080 unitatis
1671 2046 1779 2080 tem-

256 2103 370 2154 poris
402 2116 487 2143 non
516 2111 660 2157 potest
692 2118 786 2146 esse
819 2107 1013 2147 materia.
1075 2105 1150 2148 Set
1179 2108 1380 2147 accidens
1411 2121 1498 2148 non
1528 2114 1781 2149 numeratur

254 2171 333 2210 nisi
369 2185 425 2211 ex
458 2185 585 2211 causa
617 2174 819 2225 proxima
857 2180 899 2215 et
936 2175 1137 2228 subjecto
1173 2176 1265 2228 ejus
1295 2176 1564 2217 immediato.
1626 2177 1778 2217 Tereia

256 2239 403 2290 opinio
439 2240 685 2293 imponitur,
720 2242 955 2292 Avicenne,
993 2245 1231 2284 secundum
1271 2246 1363 2297 ejus
1399 2244 1701 2285 translatorem
1737 2245 1777 2283 in
1799 2265 1866 2294 3³*

254 2311 299 2355 4⁰
316 2308 589 2349 misicorum
608 2323 616 2358 ;
641 2310 696 2350 ibi
720 2312 833 2350 enim
850 2312 1050 2353 scribitur
1072 2315 1190 2365 quod
1208 2320 1383 2366 tempus
1402 2321 1465 2354 est
1483 2315 1681 2354 accidens
1703 2315 1776 2353 uni

259 2378 408 2423 motui,
433 2384 476 2417 et
499 2384 643 2418 tamen
660 2386 727 2419 est
746 2393 944 2420 mensura
975 2381 1178 2434 plurium,
1200 2382 1311 2422 sicut
1337 2380 1567 2435 longitudo
1590 2382 1690 2423 ulne
1711 2388 1778 2422 est

1861 2378 1867 2413 l

299 2510 335 2538 31
363 2503 603 2532 Phisieorum
620 2504 830 2543 Avioenne]
853 2504 902 2534 De
918 2503 1120 2544 Suffi‘ciencia
1137 2506 1167 2536 ii.
1187 2517 1214 2536 c.
1238 2516 1286 2537 11.

308 2605 326 2623 2
351 2595 474 2635 omnis]
494 2596 679 2625 ccmmunis
704 2595 738 2625 D
909 2608 928 2636 3
953 2599 1058 2639 quod]
1079 2601 1250 2638 quomodo
1273 2601 1314 2631 M
1468 2612 1487 2640 4
1512 2601 1631 2641 unum]
1658 2610 1723 2630 una
1746 2599 1780 2628 D

255 2646 274 2674 8
299 2651 350 2676 est
368 2646 450 2685 una]
469 2647 511 2676 sit
530 2657 595 2676 una
613 2647 646 2676 F
729 2648 975 2690 demonstravi]
997 2652 1262 2682 demonstratum
1280 2658 1330 2683 est
1346 2652 1408 2682 FD
1500 2663 1537 2682 12
1562 2651 1642 2692 nisi]
1659 2657 1778 2682 nature

255 2696 289 2725 D
428 2699 464 2727 16
488 2698 739 2739 incorporeum]
758 2710 957 2739 corporeum
974 2703 1008 2731 D
1145 2713 1180 2742 17
1206 2704 1310 2744 quod]
1329 2705 1407 2743 quia
1425 2704 1458 2734 D
1567 2703 1776 2743 impartibile]

251 2744 339 2786 ῑρῖί1Δὲ
359 2747 455 2779 MSS.
545 2760 583 2781 21
609 2760 712 2780 unum
737 2761 856 2791 corpus
881 2753 947 2783 tale
971 2763 1036 2784 om.
1056 2753 1090 2783 D
1178 2765 1220 2784 22
1243 2755 1433 2796 corporale]
1451 2755 1676 2796 corruptibile,
1695 2765 1779 2784 corr,

255 2799 506 2838 incorruptibile
525 2801 557 2830 D
688 2812 793 2842 24-25
818 2804 881 2834 nisi
900 2828 906 2835 .
925 2830 930 2835 .
950 2830 956 2835 .
976 2811 1109 2845 tempus
1125 2817 1189 2837 om.
1209 2807 1242 2836 F
1371 2818 1412 2846 29
1436 2807 1495 2848 ex]
1513 2818 1531 2838 a
1548 2807 1612 2838 FD
