1877 3131
822 170 901 220 165

96 296 290 333 numero,
321 283 421 336 quia
453 283 638 322 debetur
659 295 736 334 pcr
759 282 939 322 modum
971 281 1141 322 unionis
1175 287 1217 321 et
1250 281 1544 330 indivisionis;
1578 288 1620 321 ct

97 352 215 393 locus
257 351 454 391 similiter
491 364 639 390 earum
683 363 805 396 unus,
843 356 887 390 et
929 349 989 390 sic
1024 355 1089 389 est
1131 349 1308 389 duracio
1350 362 1539 402 presens,
1576 357 1623 390 ut

95 420 339 474 predictum
363 426 428 460 est
450 433 458 469 ;
490 419 696 472 quoniam
731 418 915 458 debetur
938 417 1075 457 motui
1099 418 1203 457 dato
1227 417 1269 456 in
1291 423 1504 469 quantum
1536 431 1623 457 non

96 488 227 528 habet
256 488 586 538 dimensionem,
615 493 658 528 et
687 487 728 526 in
757 493 970 539 quantum
998 485 1271 526 indivisibilis
1301 492 1379 532 est,
1401 486 1504 538 quia
1536 499 1620 525 non

59 578 75 607 5
96 556 229 597 habet
255 556 570 596 dimensionem
594 555 673 595 nisi
698 568 775 609 per
804 555 1035 595 decursum
1058 568 1082 594 a
1111 554 1320 607 preterito
1344 554 1386 593 in
1416 554 1622 603 futurum,

36 919 76 941 10

36 1602 76 1624 20

37 2283 75 2314 30

96 631 139 665 et
175 638 253 679 per
288 624 665 678 comparacionem
702 624 756 665 ad
795 636 969 676 presens
1003 636 1087 662 non
1120 622 1251 663 habet
1285 629 1428 663 motus
1459 623 1626 662 dimen-

95 694 260 734 sionem
284 706 360 746 per
387 706 520 745 quam
545 691 673 733 faciat
704 692 837 732 alium
871 698 1039 732 motum
1063 691 1226 731 distare
1259 704 1283 730 a
1315 705 1392 731 suo
1424 692 1626 744 presenti,

96 768 138 802 et
179 768 359 815 propter
399 762 494 811 hoc,
526 761 606 801 ista
637 761 814 802 duracio
852 760 1036 801 debetur
1077 759 1269 813 pluribus
1304 760 1510 810 motubus
1548 772 1627 813 per

95 836 295 871 naturam
320 830 488 870 unionis
521 837 564 871 et
597 829 863 870 indivisionis
886 834 929 869 et
958 828 1215 881 privacionis
1238 828 1379 869 omnis
1401 828 1625 878 distancie‚

94 905 139 940 et
161 899 259 940 ideo
282 912 374 940 sese
396 899 728 951 compaciuntur
753 899 795 938 in
817 898 897 938 hac
920 897 1164 946 duracione,
1188 903 1231 937 et
1254 897 1352 938 ideo
1377 897 1417 936 in
1437 897 1626 950 presenti

94 974 301 1021 tempore.

154 1036 214 1076 Et
247 1036 346 1076 ideo
378 1035 609 1076 dicendum
642 1042 718 1081 est,
750 1035 867 1087 quod
895 1041 1068 1086 tempus
1099 1047 1185 1074 non
1214 1034 1397 1074 debetur
1425 1034 1630 1074 motubus

94 1104 291 1157 pluribus
312 1110 522 1156 tanquam
546 1103 740 1156 pluribus
762 1102 982 1155 subjectis,
1005 1109 1069 1143 set
1090 1109 1302 1155 tanquam
1327 1102 1398 1141 uni
1416 1103 1630 1154 subjecto,

95 1178 138 1212 et
160 1186 247 1213 non
268 1172 365 1226 plus
387 1172 556 1212 addunt
585 1172 672 1212 duo
706 1178 851 1212 motus
873 1172 928 1211 ad
959 1171 1253 1224 pluralitatem
1281 1171 1464 1223 subjecti
1488 1184 1620 1223 quam

94 1253 215 1281 unus.
292 1240 489 1281 Debetur
518 1240 649 1292 igitur
680 1252 814 1279 unum
845 1246 1017 1293 tempus
1050 1238 1246 1292 pluribus
1279 1238 1496 1285 motubus,
1529 1245 1627 1278 tan-

95 1323 226 1361 quam
260 1308 455 1362 pluribus
485 1309 625 1355 rebus,
654 1315 720 1348 set
747 1321 834 1348 non
857 1315 1066 1360 tanquam
1097 1307 1292 1360 pluribus
1315 1308 1531 1360 subjectis,
1562 1314 1628 1348 set

95 1378 167 1417 uni
202 1378 415 1431 subjecto,
450 1378 552 1430 quia
584 1376 768 1417 debetur
809 1377 869 1417 eis
911 1390 987 1430 per
1028 1376 1342 1429 proprietatem
1379 1376 1547 1416 unionis
1584 1383 1627 1416 et

95 1446 363 1487 indivisionis
399 1452 442 1487 et
479 1446 796 1486 indiversitatis.
878 1445 957 1486 Set
999 1445 1083 1485 alia
1124 1444 1371 1486 accidencia
1412 1445 1557 1484 omnia
1599 1459 1624 1484 a

93 1515 307 1569 predictis,
330 1515 543 1555 debentur
576 1514 772 1567 pluribus
806 1514 932 1554 rebus
961 1526 1037 1566 per
1065 1519 1266 1554 naturam
1296 1513 1561 1553 diversitatis
1584 1520 1625 1553 ct

94 1583 350 1633 differencie,
382 1584 621 1623 secundum
654 1583 771 1636 quod
803 1596 867 1622 res
896 1582 1100 1622 distincte
1131 1589 1232 1622 sunt
1266 1582 1307 1621 in
1339 1595 1410 1629 se;
1453 1589 1496 1622 et
1530 1582 1627 1622 ideo

93 1659 375 1692 numerantur
405 1652 446 1692 in
475 1652 547 1692 eis.
611 1650 687 1692 Set
718 1657 867 1692 textus
892 1650 1154 1698 Aristotelis,
1189 1650 1299 1690 male
1327 1650 1572 1691 intellectus
1604 1664 1629 1689 a

95 1721 254 1772 multis,
271 1721 433 1761 inducit
451 1718 539 1775 hic!
559 1720 881 1768 dubitaciones3
911 1719 1065 1760 volunt
1081 1719 1198 1758 enim
1221 1719 1338 1771 quod
1365 1719 1628 1759 Aristoteles
1647 1722 1688 1763 46
1709 1723 1728 1752 b
1748 1731 1774 1754 2³

95 1789 269 1830 inducat
291 1791 346 1830 ad
369 1789 677 1842 probacionem
696 1789 873 1829 unitatis
895 1788 1104 1840 temporis
1126 1787 1331 1840 exempla
1348 1788 1402 1827 de
1424 1787 1625 1833 numeris,

93 1871 191 1897 cum
230 1858 347 1898 dicat
382 1859 500 1911 quod
538 1865 711 1911 tempus
751 1864 815 1897 cst
857 1870 990 1896 unum
1033 1856 1218 1896 duorum
1263 1862 1478 1905 motuum,
1518 1856 1628 1895 sicut

95 1926 210 1966 idem
238 1927 242 1966 Ι
273 1932 337 1966 est
360 1926 556 1966 denarius
585 1926 737 1965 decem
765 1925 990 1965 hominum
1022 1931 1066 1964 et
1088 1925 1238 1964 decem
1261 1937 1484 1975 equorum.
1550 1923 1626 1964 Set
1648 1932 1686 1963 F.
1699 1941 1740 1973 99
1759 1940 1820 1962 at¹

94 2001 276 2043 constat,
304 1995 416 2035 sicut
446 1995 540 2034 vult
571 1995 612 2034 in
646 1993 731 2034 fine
760 1993 936 2046 capituli
968 1993 1019 2032 de
1051 1999 1243 2045 tempore,
1274 1993 1391 2044 quod
1424 1992 1626 2032 denarius

95 2075 180 2102 non
222 2069 287 2103 est
321 2063 437 2103 idem
473 2075 668 2111 numero,
704 2069 770 2102 set
806 2063 977 2114 specie3
1024 2074 1142 2112 ergO,
1183 2067 1359 2113 tempus
1396 2067 1459 2100 est
1493 2074 1626 2100 unum

95 2131 253 2183 specie,
276 2137 320 2171 et
337 2144 423 2170 non
448 2144 641 2171 numero.
704 2131 824 2170 Dicit
846 2130 959 2170 enim
980 2130 1022 2169 in
1047 2129 1130 2169 fine
1152 2129 1348 2182 capituli,
1371 2130 1490 2181 quod
1509 2129 1624 2168 idem

95 2207 158 2240 est
180 2212 383 2239 numerus
405 2199 555 2240 decem
578 2199 805 2238 hominum
824 2204 866 2238 et
882 2199 1032 2238 decem
1054 2210 1277 2250 equorum,
1296 2198 1398 2250 quia
1415 2197 1627 2246 denarius,

94 2280 181 2309 non
202 2274 350 2308 tamen
368 2267 483 2307 idem
506 2267 719 2317 denarius,
736 2272 802 2306 set
819 2266 940 2316 alius,
958 2272 999 2306 et
1022 2265 1131 2305 alius
1154 2279 1344 2306 numero.
1411 2266 1543 2318 Ergo,
1566 2267 1626 2306 sic

96 2336 176 2376 erit
214 2338 268 2376 de
303 2342 511 2388 tempore.
577 2335 634 2375 Et
668 2334 897 2375 confirmat
933 2334 1187 2388 exemplum
1226 2335 1281 2375 de
1323 2335 1514 2374 numeris
1552 2349 1628 2387 per

96 2404 349 2458 exemplum
386 2405 442 2444 de
475 2403 702 2457 speciebus
745 2403 961 2455 trianguli,
996 2403 1143 2443 dicens
1174 2403 1292 2454 quod
1335 2403 1421 2443 due
1461 2404 1625 2456 species

96 2473 298 2525 trianguli
323 2478 422 2513 sunt
455 2474 609 2513 eadem
640 2471 789 2525 figura,
813 2472 915 2524 quia
944 2471 1193 2524 triangulus
1216 2484 1303 2511 non
1333 2478 1479 2512 tamen
1511 2471 1625 2511 idem

139 2614 182 2644 26
207 2615 251 2643 de
267 2611 449 2652 tempore]
469 2612 566 2650 Phys.
587 2612 629 2643 iv.
651 2621 719 2650 134.

139 2735 204 2772 4-6
228 2738 262 2763 et
278 2734 310 2764 in
328 2737 488 2772 quantum
507 2756 514 2763 .
533 2756 540 2763 .
561 2756 567 2762 .
593 2731 836 2762 dimensionem
854 2742 919 2762 om.
937 2731 969 2760 F
1129 2740 1148 2769 5
1174 2730 1369 2771 decursum]
1388 2730 1575 2761 discursum
1595 2731 1628 2760 D

98 2794 113 2822 7
138 2784 282 2825 motum]
309 2785 456 2823 aliquem
481 2782 515 2812 D
699 2793 736 2813 21
763 2782 972 2823 intellectus]
1001 2782 1200 2821 intelligitur
1225 2781 1260 2811 D
1435 2792 1475 2811 22
1499 2782 1627 2822 multis]

97 2836 219 2875 multis,
249 2842 283 2867 et
307 2836 341 2866 D
432 2846 470 2874 27
498 2834 600 2875 idem]
620 2835 707 2865 idem
725 2835 863 2866 denario
880 2835 915 2865 D
1003 2835 1058 2865 alt.
1077 2834 1144 2874 est]
1164 2834 1228 2864 erit
1244 2833 1278 2862 D
