1898 3126
0 661 4 701 ἔ

808 138 885 180 251

84 242 193 282 inde.
257 241 316 282 Et
345 255 424 294 pro
455 242 534 281 hac
564 242 773 294 opinione
808 242 1025 297 allegatur
1066 245 1183 296 quod
1215 244 1480 287 Aristoteles
1512 248 1615 289 dicit

83 316 129 360 4⁰
149 309 437 359 Phisicormn,
461 310 578 363 quod
602 311 779 359 instans,
802 318 848 352 ut
873 318 937 352 est
960 311 1056 352 finis
1077 314 1271 364 preteriti
1295 321 1337 355 θῖ
1355 316 1612 369 principium

86 378 228 426 futuri,
270 378 404 419 habet
455 378 756 420 diversitatem
809 379 982 432 qualem
1026 380 1191 422 habent
1233 383 1321 422 duo
1372 390 1531 436 puncta
1572 386 1613 425 in

85 447 254 488 duabus
288 447 645 488 extremitatibus
689 450 816 488 unius
847 449 974 497 linee,
1006 462 1111 501 ergo
1148 451 1236 491 duo
1268 458 1369 492 sunt
1402 453 1613 493 instancia

47 534 65 565 5
85 516 126 555 in
143 521 355 569 quantum
378 515 708 556 considerantur
726 516 821 557 finis
844 517 1038 569 preteriti
1057 524 1100 557 et
1123 519 1385 572 principium
1409 519 1552 570 futuri,
1569 529 1613 562 et

83 584 162 625 hec
185 585 412 625 diversitas
438 585 629 625 nascitur
657 585 699 625 in
732 586 910 627 instanti
940 594 1120 640 propter
1142 586 1312 628 fluxum
1336 589 1548 641 temporis
1571 598 1613 631 et

83 666 177 694 esse
200 653 346 705 ipsius,
369 653 472 705 quia
495 666 580 693 non
604 653 767 694 habent
788 668 881 695 esse
902 654 1059 695 stabile
1082 655 1191 696 sicut
1214 655 1328 696 linea
1350 663 1393 696 et
1415 665 1613 709 punctus.

85 721 273 762 Punctus
305 722 421 761 enim
454 722 565 763 inter
586 729 731 774 partes
762 722 873 762 linee
903 722 1018 763 fixus
1049 729 1126 773 est,
1149 730 1214 764 set
1245 724 1411 765 instans
1440 725 1544 772 fluit,
1570 733 1612 767 et

85 789 183 830 ideo
214 789 399 830 alterum
433 797 476 831 et
502 790 686 830 alterum
716 797 792 838 est,
828 798 874 831 ut
905 790 1170 832 Aristoteles
1202 793 1318 842 dicit,
1347 801 1614 848 quapropter

29 873 66 895 10
83 865 252 912 ponunt
284 859 402 911 quod
434 872 519 899 non
553 865 619 898 est
649 859 954 900 inconveniens
981 860 1099 912 quod
1134 861 1176 900 in
1207 860 1283 901 tali
1318 861 1494 913 instanti
1526 863 1612 904 sint

82 927 417 967 contradictoria
449 941 562 968 vera.

142 994 219 1036 Set
250 996 334 1036 hoc
367 1003 432 1036 est
463 1003 613 1037 contra
649 997 912 1037 sentenciam
946 996 1200 1037 Aristotelis
1236 997 1278 1036 in
1300 997 1438 1038 V1110
1459 998 1610 1040 Phisi-

83 1078 225 1104 cornm
249 1065 320 1104 ubi
342 1065 470 1106 solvit
493 1065 604 1106 hanc
634 1065 978 1117 disputacionem
1013 1065 1159 1106 dicens
1181 1067 1297 1118 quod
1320 1067 1425 1107 illud
1449 1067 1613 1108 instans

84 1140 148 1173 est
165 1134 358 1175 totaliter
376 1135 628 1188 posterioris
644 1135 872 1186 passionis,
891 1141 933 1175 et
949 1136 1067 1187 quod
1087 1135 1206 1176 nullo
1221 1137 1353 1176 modo
1369 1143 1434 1176 θεῖ
1450 1137 1612 1177 mobile

29 1214 65 1246 ¹5
83 1203 162 1242 sub
184 1203 371 1244 termino
393 1219 417 1244 a
440 1217 527 1256 quo
551 1204 592 1243 in
618 1203 690 1243 illo
712 1203 902 1244 instanti.
948 1203 1119 1244 Deinde
1141 1205 1327 1256 primum
1353 1205 1610 1259 principium

84 1269 395 1323 falsificaretur,
413 1272 593 1321 scilicet,
608 1272 727 1324 quod
750 1272 804 1312 de
822 1271 942 1312 nullo
957 1272 1083 1312 simul
1102 1273 1336 1314 affirmacio
1352 1282 1394 1314 et
1416 1275 1611 1327 negacio.

86 1341 162 1382 Set
185 1342 239 1381 de
261 1340 457 1394 quolibet
479 1340 665 1381 alterum
684 1347 869 1392 tantum,
886 1341 990 1393 quia
1011 1341 1045 1380 si
1068 1341 1110 1380 in
1126 1341 1304 1382 instanti
1323 1350 1500 1395 possent
1518 1357 1611 1385 esse

83 1410 209 1449 simul
232 1423 345 1459 vera,
368 1410 505 1450 multo
529 1408 688 1450 sorcius
712 1409 753 1448 in
776 1416 974 1461 tempore
998 1409 1205 1462 quolibet,
1229 1423 1333 1464 ergo
1356 1424 1442 1451 non
1464 1421 1611 1464 posset

84 1478 353 1532 principium,
368 1478 486 1530 quod
503 1484 569 1518 est
583 1477 869 1527 verissimum,
883 1477 1044 1518 habere
1058 1479 1295 1519 veritatem.
1346 1479 1404 1520 Et
1420 1481 1614 1520 maxime

28 1560 66 1582 20
84 1560 170 1587 non
193 1552 377 1600 possunt
406 1559 499 1586 esse
525 1546 653 1586 simul
682 1546 724 1585 in
753 1546 908 1586 eodem
938 1546 1129 1597 instanti,
1150 1548 1356 1599 quoniam
1387 1548 1525 1601 major
1547 1558 1611 1590 est

84 1615 368 1669 divisigbilitas
409 1621 452 1656 et
490 1614 800 1656 diversificacio
834 1616 1043 1668 temporis
1077 1629 1209 1669 penes
1247 1622 1392 1668 partes
1433 1625 1476 1657 et
1519 1632 1610 1659 esse

83 1697 215 1737 quarn
250 1684 463 1724 instantis.
526 1683 585 1724 Et
624 1684 665 1723 in
700 1683 819 1724 nullo
852 1689 1050 1737 tempore
1082 1684 1187 1724 dato
1224 1686 1437 1737 contingit
1471 1686 1613 1727 dicere

83 1753 200 1805 quod
225 1766 291 1793 res
313 1753 440 1793 simul
459 1759 523 1794 est
546 1759 589 1793 et
612 1766 697 1792 non
712 1758 790 1804 est,
805 1758 847 1792 et
862 1753 979 1804 quod
995 1753 1326 1794 contradictoria
1339 1754 1614 1795 verificentur

84 1822 225 1870 simul,
247 1836 324 1862 nec
367 1822 435 1862 isti
468 1821 550 1862 hoc
583 1821 735 1861 dicunt
766 1820 839 1872 qui
874 1821 1001 1860 istam
1036 1820 1266 1861 fantasiam
1300 1822 1612 1875 cogitaverunt,

26 1908 63 1938 25
83 1897 350 1944 quapropter
383 1889 523 1930 multo
557 1890 697 1941 magis
728 1902 806 1928 nec
835 1889 877 1927 in
901 1888 1091 1939 instanti,
1114 1889 1211 1929 licet
1242 1890 1401 1931 habeat
1435 1892 1611 1932 diversi-

83 1965 220 2000 tatem
244 1958 501 2013 predictam.
577 1957 782 1997 Ceterum
813 1963 988 2009 tempus
1015 1955 1207 1997 futurum
1231 1971 1316 1998 non
1345 1960 1532 2012 pertinet
1555 1961 1610 2001 ad

83 2028 500 2068 transmutacionem
549 2026 603 2065 de
644 2038 730 2077 qua
781 2025 1007 2077 loquimur,
1053 2032 1118 2065 set
1169 2026 1310 2066 solum
1353 2028 1610 2079 preteritum

83 2103 270 2148 tempus.
343 2094 538 2147 Tempus
562 2093 675 2133 enim
700 2092 894 2134 futurum
919 2094 1151 2145 respondet
1173 2095 1494 2137 continuacioni
1518 2111 1611 2138 esse

83 2164 215 2217 ipsius
237 2163 410 2204 termini
433 2163 487 2203 ad
509 2175 651 2214 quem,
674 2174 760 2201 non
787 2161 1060 2214 generacioni
1091 2161 1195 2213 ejus,
1227 2163 1433 2216 quoniam
1461 2165 1495 2205 si
1525 2179 1612 2206 non

25 2251 64 2282 30
83 2239 195 2274 esset
231 2232 425 2272 futurum
463 2237 637 2284 tempus
671 2243 856 2283 sequens
889 2229 992 2270 illud
1029 2231 1191 2271 instans
1226 2231 1286 2272 ita
1318 2234 1435 2285 quod
1471 2234 1611 2274 solum

83 2308 197 2343 esset
219 2301 385 2341 instans
408 2299 618 2340 terminus
640 2299 845 2351 preteriti,
867 2299 1160 2352 compleretur
1181 2302 1409 2352 generacio
1438 2303 1611 2342 termini

82 2371 136 2410 ad
159 2382 289 2422 quem
313 2375 357 2409 et
378 2368 607 2420 corrupcio
628 2367 802 2406 termini
824 2381 849 2407 a
872 2380 970 2419 quo.
1034 2366 1316 2420 Quapropter
1339 2370 1610 2423 corrupcioni

125 2519 143 2538 2
168 2508 422 2549 Phisicorum]
442 2507 483 2538 iv.
503 2517 546 2547 90
564 2517 635 2546 sqq.
829 2517 866 2536 12
891 2507 1143 2547 Phisicorum]
1162 2507 1230 2537 viii.
1249 2509 1301 2547 69.

127 2651 139 2670 1
165 2638 340 2679 opinione]
359 2638 494 2670 racione
510 2638 543 2668 F
646 2647 659 2674 7
682 2643 732 2677 pr.
753 2646 829 2668 esse
847 2647 911 2667 om.
930 2636 963 2666 F
1047 2636 1188 2677 habent]
1208 2638 1308 2668 habet
1324 2638 1356 2667 F
1456 2650 1494 2670 10
1518 2642 1607 2679 quod

81 2702 147 2723 non
165 2702 231 2723 om.
249 2691 284 2721 D
438 2688 522 2730 sint]
539 2689 625 2720 sicut
643 2689 675 2718 F
876 2689 914 2718 18
938 2698 1030 2726 vera,
1050 2688 1155 2718 multo
1173 2689 1313 2728 sorcius]
1338 2690 1443 2721 multo
1461 2692 1567 2731 magis
1582 2692 1616 2722 F

81 2752 119 2772 21
146 2741 406 2782 diversificacio]
424 2740 601 2771 diversitas
618 2739 653 2769 D
859 2749 899 2769 22
923 2739 1098 2779 instantis]
1116 2739 1246 2770 instans
1262 2740 1294 2770 F
1451 2742 1498 2781 et]
1515 2747 1567 2774 set
1584 2743 1618 2774 F

81 2804 122 2834 ²9
145 2792 324 2834 quoniam]
341 2793 430 2832 quod
447 2792 479 2823 F
606 2801 649 2830 30
673 2790 736 2831 ita]
754 2791 785 2821 in
803 2791 836 2821 F
961 2800 999 2829 31
1026 2791 1267 2832 compleretur]
1284 2793 1471 2832 completur
1486 2794 1520 2823 F

811 2855 880 2887 S2

1629 1636 1645 1646 .-

1631 1652 1640 1669 Ι

1653 1630 1756 1661 2b2.
