<?xml version="1.0" encoding="UTF-8"?>
<!DOCTYPE html PUBLIC "-//W3C//DTD XHTML 1.0 Transitional//EN"
    "http://www.w3.org/TR/xhtml1/DTD/xhtml1-transitional.dtd">
<html xmlns="http://www.w3.org/1999/xhtml" xml:lang="en" lang="en">
 <head>
  <title>
</title>
<meta http-equiv="Content-Type" content="text/html;charset=utf-8" />
  <meta name='ocr-system' content='tesseract 3.04.00' />
  <meta name='ocr-capabilities' content='ocr_page ocr_carea ocr_par ocr_line ocrx_word'/>
</head>
<body>
  <div class='ocr_page' id='page_1' title='image "./operahactenusine03baco_0078.png"; bbox 0 0 1898 3126; ppageno 0'>
   <div class='ocr_carea' id='block_1_1' title="bbox 1882 0 1898 83">
    <p class='ocr_par' dir='ltr' id='par_1_1' title="bbox 1882 0 1898 83">
     <span class='ocr_line' id='line_1_1' title="bbox 1882 0 1898 83; baseline 0 0"><span class='ocrx_word' id='word_1_1' title='bbox 1882 0 1898 83; x_wconf 73' lang='lat' dir='ltr'><strong>l</strong></span> 
     </span>
    </p>
   </div>
   <div class='ocr_carea' id='block_1_2' title="bbox 1877 154 1879 218">
    <p class='ocr_par' dir='ltr' id='par_1_2' title="bbox 1877 154 1879 218">
     <span class='ocr_line' id='line_1_2' title="bbox 1877 154 1879 193; baseline 0 0"><span class='ocrx_word' id='word_1_2' title='bbox 1877 154 1879 193; x_wconf 74' lang='lat' dir='ltr'><strong>l</strong></span> 
     </span>
     <span class='ocr_line' id='line_1_3' title="bbox 1877 194 1879 218; baseline 0 0"><span class='ocrx_word' id='word_1_3' title='bbox 1877 194 1879 218; x_wconf 83' lang='grc' dir='ltr'>ι</span> 
     </span>
    </p>
   </div>
   <div class='ocr_carea' id='block_1_3' title="bbox 970 95 1052 124">
    <p class='ocr_par' dir='ltr' id='par_1_3' title="bbox 970 95 1052 124">
     <span class='ocr_line' id='line_1_4' title="bbox 970 95 1052 124; baseline 0 -1"><span class='ocrx_word' id='word_1_4' title='bbox 970 95 1052 124; x_wconf 80' lang='lat'><strong>202</strong></span> 
     </span>
    </p>
   </div>
   <div class='ocr_carea' id='block_1_4' title="bbox 244 192 1879 1000">
    <p class='ocr_par' dir='ltr' id='par_1_4' title="bbox 244 192 1879 590">
     <span class='ocr_line' id='line_1_5' title="bbox 244 192 1774 236; baseline 0 -2"><span class='ocrx_word' id='word_1_5' title='bbox 244 201 395 235; x_wconf 88' lang='lat' dir='ltr'><strong>natum</strong></span> <span class='ocrx_word' id='word_1_6' title='bbox 429 200 495 235; x_wconf 87' lang='lat' dir='ltr'><strong>est</strong></span> <span class='ocrx_word' id='word_1_7' title='bbox 525 194 749 236; x_wconf 81' lang='lat' dir='ltr'><strong>destruere</strong></span> <span class='ocrx_word' id='word_1_8' title='bbox 780 208 905 236; x_wconf 92' lang='lat' dir='ltr'><strong>suum</strong></span> <span class='ocrx_word' id='word_1_9' title='bbox 938 196 1199 236; x_wconf 88' lang='lat' dir='ltr'><strong>contrarium</strong></span> <span class='ocrx_word' id='word_1_10' title='bbox 1233 209 1319 236; x_wconf 92' lang='lat' dir='ltr'><strong>non</strong></span> <span class='ocrx_word' id='word_1_11' title='bbox 1360 195 1553 236; x_wconf 86' lang='lat' dir='ltr'><strong>salvare:</strong></span> <span class='ocrx_word' id='word_1_12' title='bbox 1587 200 1652 235; x_wconf 88' lang='lat' dir='ltr'><strong>set</strong></span> <span class='ocrx_word' id='word_1_13' title='bbox 1689 192 1774 234; x_wconf 90' lang='lat' dir='ltr'><strong>ele-</strong></span> 
     </span>
     <span class='ocr_line' id='line_1_6' title="bbox 245 262 1778 318; baseline -0.001 -15"><span class='ocrx_word' id='word_1_14' title='bbox 245 269 391 304; x_wconf 89' lang='lat' dir='ltr'><strong>menta</strong></span> <span class='ocrx_word' id='word_1_15' title='bbox 414 269 515 304; x_wconf 91' lang='lat' dir='ltr'><strong>sunt</strong></span> <span class='ocrx_word' id='word_1_16' title='bbox 541 263 769 304; x_wconf 88' lang='lat' dir='ltr'><strong>contraria.</strong></span> <span class='ocrx_word' id='word_1_17' title='bbox 834 264 959 313; x_wconf 84' lang='lat' dir='ltr'>Item,</span> <span class='ocrx_word' id='word_1_18' title='bbox 983 278 1061 316; x_wconf 88' lang='lat' dir='ltr'><strong>per</strong></span> <span class='ocrx_word' id='word_1_19' title='bbox 1090 264 1416 318; x_wconf 82' lang='lat' dir='ltr'><strong>elongacionem</strong></span> <span class='ocrx_word' id='word_1_20' title='bbox 1439 263 1542 304; x_wconf 88' lang='lat' dir='ltr'><strong>solis</strong></span> <span class='ocrx_word' id='word_1_21' title='bbox 1574 276 1600 303; x_wconf 88' lang='lat' dir='ltr'><strong>a</strong></span> <span class='ocrx_word' id='word_1_22' title='bbox 1635 262 1778 313; x_wconf 89' lang='lat' dir='ltr'><strong>nobis,</strong></span> 
     </span>
     <span class='ocr_line' id='line_1_7' title="bbox 245 331 1774 385; baseline -0.001 -14"><span class='ocrx_word' id='word_1_23' title='bbox 245 331 512 372; x_wconf 88' lang='lat' dir='ltr'><strong>convertitur</strong></span> <span class='ocrx_word' id='word_1_24' title='bbox 529 332 571 371; x_wconf 91' lang='lat' dir='ltr'><strong>in</strong></span> <span class='ocrx_word' id='word_1_25' title='bbox 593 332 751 373; x_wconf 87' lang='lat' dir='ltr'><strong>nostris</strong></span> <span class='ocrx_word' id='word_1_26' title='bbox 772 331 1020 373; x_wconf 87' lang='lat' dir='ltr'><strong>climatibus</strong></span> <span class='ocrx_word' id='word_1_27' title='bbox 1042 346 1156 385; x_wconf 87' lang='lat' dir='ltr'><strong>aqua</strong></span> <span class='ocrx_word' id='word_1_28' title='bbox 1171 333 1213 372; x_wconf 91' lang='lat' dir='ltr'><strong>in</strong></span> <span class='ocrx_word' id='word_1_29' title='bbox 1236 346 1391 383; x_wconf 85' lang='lat' dir='ltr'><strong>aerem,</strong></span> <span class='ocrx_word' id='word_1_30' title='bbox 1409 337 1453 372; x_wconf 93' lang='lat' dir='ltr'><strong>et</strong></span> <span class='ocrx_word' id='word_1_31' title='bbox 1470 345 1543 372; x_wconf 90' lang='lat' dir='ltr'><strong>aer</strong></span> <span class='ocrx_word' id='word_1_32' title='bbox 1560 332 1603 371; x_wconf 89' lang='lat' dir='ltr'><strong>in</strong></span> <span class='ocrx_word' id='word_1_33' title='bbox 1617 331 1774 384; x_wconf 86' lang='lat' dir='ltr'>ignem,</span> 
     </span>
     <span class='ocr_line' id='line_1_8' title="bbox 245 399 1879 454; baseline -0.001 -13"><span class='ocrx_word' id='word_1_34' title='bbox 245 407 287 441; x_wconf 88' lang='lat' dir='ltr'><strong>et</strong></span> <span class='ocrx_word' id='word_1_35' title='bbox 329 414 352 440; x_wconf 95' lang='lat' dir='ltr'><strong>e</strong></span> <span class='ocrx_word' id='word_1_36' title='bbox 392 413 600 440; x_wconf 85' lang='lat' dir='ltr'><strong>converso</strong></span> <span class='ocrx_word' id='word_1_37' title='bbox 633 401 811 453; x_wconf 90' lang='lat' dir='ltr'><strong>quando</strong></span> <span class='ocrx_word' id='word_1_38' title='bbox 847 400 912 441; x_wconf 88' lang='lat' dir='ltr'><strong>sol</strong></span> <span class='ocrx_word' id='word_1_39' title='bbox 949 401 1274 454; x_wconf 80' lang='lat' dir='ltr'>appropinquat</span> <span class='ocrx_word' id='word_1_40' title='bbox 1315 402 1371 441; x_wconf 91' lang='lat' dir='ltr'><strong>ad</strong></span> <span class='ocrx_word' id='word_1_41' title='bbox 1412 413 1503 450; x_wconf 86' lang='lat' dir='ltr'><strong>nOS,</strong></span> <span class='ocrx_word' id='word_1_42' title='bbox 1537 399 1778 441; x_wconf 90' lang='lat' dir='ltr'><strong>secundum</strong></span> <span class='ocrx_word' id='word_1_43' title='bbox 1878 443 1879 447; x_wconf 42' lang='lat'><strong>,</strong></span> 
     </span>
     <span class='ocr_line' id='line_1_9' title="bbox 244 466 1879 519; baseline 0.001 -11"><span class='ocrx_word' id='word_1_44' title='bbox 244 467 545 519; x_wconf 81' lang='lat' dir='ltr'><strong>Aristotelem,</strong></span> <span class='ocrx_word' id='word_1_45' title='bbox 560 468 671 509; x_wconf 88' lang='lat' dir='ltr'><strong>libro</strong></span> <span class='ocrx_word' id='word_1_46' title='bbox 687 468 1026 509; x_wconf 74' lang='lat' dir='ltr'><strong>Metlzeorornm.</strong></span> <span class='ocrx_word' id='word_1_47' title='bbox 1076 468 1203 518; x_wconf 91' lang='lat' dir='ltr'><strong>Item,</strong></span> <span class='ocrx_word' id='word_1_48' title='bbox 1217 469 1388 510; x_wconf 89' lang='lat' dir='ltr'><strong>celestis</strong></span> <span class='ocrx_word' id='word_1_49' title='bbox 1409 473 1578 517; x_wconf 87' lang='lat' dir='ltr'><strong>natura,</strong></span> <span class='ocrx_word' id='word_1_50' title='bbox 1596 481 1697 507; x_wconf 91' lang='lat' dir='ltr'><strong>cum</strong></span> <span class='ocrx_word' id='word_1_51' title='bbox 1719 466 1774 507; x_wconf 89' lang='lat' dir='ltr'><strong>sit</strong></span> <span class='ocrx_word' id='word_1_52' title='bbox 1800 478 1817 510; x_wconf 88' lang='lat'>5</span> <span class='ocrx_word' id='word_1_53' title='bbox 1878 497 1879 517; x_wconf 53' lang='grc'><strong>;</strong></span> 
     </span>
     <span class='ocr_line' id='line_1_10' title="bbox 246 534 1781 590; baseline -0.001 -13"><span class='ocrx_word' id='word_1_54' title='bbox 246 538 420 590; x_wconf 87' lang='lat' dir='ltr'><strong>penitus</strong></span> <span class='ocrx_word' id='word_1_55' title='bbox 434 537 603 578; x_wconf 86' lang='lat' dir='ltr'><strong>diversa</strong></span> <span class='ocrx_word' id='word_1_56' title='bbox 617 537 672 577; x_wconf 87' lang='lat' dir='ltr'><strong>ab</strong></span> <span class='ocrx_word' id='word_1_57' title='bbox 690 537 1049 586; x_wconf 88' lang='lat' dir='ltr'><strong>elementari,non</strong></span> <span class='ocrx_word' id='word_1_58' title='bbox 1065 537 1247 578; x_wconf 87' lang='lat' dir='ltr'><strong>habebit</strong></span> <span class='ocrx_word' id='word_1_59' title='bbox 1262 538 1469 578; x_wconf 90' lang='lat' dir='ltr'><strong>virtutem</strong></span> <span class='ocrx_word' id='word_1_60' title='bbox 1483 534 1781 577; x_wconf 89' lang='lat' dir='ltr'><strong>conservandi.</strong></span> 
     </span>
    </p>

    <p class='ocr_par' dir='ltr' id='par_1_5' title="bbox 250 604 1776 658">
     <span class='ocr_line' id='line_1_11' title="bbox 250 604 1776 658; baseline -0.002 -11"><span class='ocrx_word' id='word_1_61' title='bbox 250 605 327 647; x_wconf 87' lang='lat' dir='ltr'><strong>Set</strong></span> <span class='ocrx_word' id='word_1_62' title='bbox 348 606 600 658; x_wconf 81' lang='lat' dir='ltr'><strong>oppositum</strong></span> <span class='ocrx_word' id='word_1_63' title='bbox 624 605 903 646; x_wconf 86' lang='lat' dir='ltr'><strong>manifestum</strong></span> <span class='ocrx_word' id='word_1_64' title='bbox 926 612 992 647; x_wconf 89' lang='lat' dir='ltr'><strong>est</strong></span> <span class='ocrx_word' id='word_1_65' title='bbox 1009 620 1084 658; x_wconf 89' lang='lat' dir='ltr'><strong>per</strong></span> <span class='ocrx_word' id='word_1_66' title='bbox 1105 606 1407 655; x_wconf 83' lang='lat' dir='ltr'><strong>Aristotelem,</strong></span> <span class='ocrx_word' id='word_1_67' title='bbox 1426 610 1471 654; x_wconf 87' lang='lat'><strong>4⁰</strong></span> <span class='ocrx_word' id='word_1_68' title='bbox 1483 604 1776 653; x_wconf 64' lang='lat' dir='ltr'><strong>Phisicormn,</strong></span> 
     </span>
    </p>

    <p class='ocr_par' dir='ltr' id='par_1_6' title="bbox 247 673 1779 796">
     <span class='ocr_line' id='line_1_12' title="bbox 248 673 1779 727; baseline -0.001 -13"><span class='ocrx_word' id='word_1_69' title='bbox 248 680 291 714; x_wconf 89' lang='lat' dir='ltr'><strong>et</strong></span> <span class='ocrx_word' id='word_1_70' title='bbox 317 674 360 713; x_wconf 91' lang='lat' dir='ltr'><strong>in</strong></span> <span class='ocrx_word' id='word_1_71' title='bbox 380 679 428 723; x_wconf 88' lang='lat'><strong>4⁰</strong></span> <span class='ocrx_word' id='word_1_72' title='bbox 454 673 544 715; x_wconf 73' lang='lat' dir='ltr'><strong>Celz·</strong></span> <span class='ocrx_word' id='word_1_73' title='bbox 556 680 598 713; x_wconf 84' lang='lat' dir='ltr'><strong>et</strong></span> <span class='ocrx_word' id='word_1_74' title='bbox 617 673 796 722; x_wconf 74' lang='lat' dir='ltr'><strong>Mundi,</strong></span> <span class='ocrx_word' id='word_1_75' title='bbox 812 674 1027 715; x_wconf 83' lang='lat' dir='ltr'><strong>dicentem</strong></span> <span class='ocrx_word' id='word_1_76' title='bbox 1046 674 1165 727; x_wconf 89' lang='lat' dir='ltr'><strong>quod</strong></span> <span class='ocrx_word' id='word_1_77' title='bbox 1183 673 1303 715; x_wconf 91' lang='lat' dir='ltr'><strong>locus</strong></span> <span class='ocrx_word' id='word_1_78' title='bbox 1318 674 1468 724; x_wconf 87' lang='lat' dir='ltr'><strong>salvat,</strong></span> <span class='ocrx_word' id='word_1_79' title='bbox 1484 681 1528 714; x_wconf 88' lang='lat' dir='ltr'><strong>et</strong></span> <span class='ocrx_word' id='word_1_80' title='bbox 1542 673 1624 714; x_wconf 92' lang='lat' dir='ltr'><strong>hoc</strong></span> <span class='ocrx_word' id='word_1_81' title='bbox 1641 678 1779 726; x_wconf 90' lang='lat' dir='ltr'><strong>patet,</strong></span> 
     </span>
     <span class='ocr_line' id='line_1_13' title="bbox 247 742 1779 796; baseline -0.001 -13"><span class='ocrx_word' id='word_1_82' title='bbox 247 743 455 795; x_wconf 87' lang='lat' dir='ltr'><strong>quoniam</strong></span> <span class='ocrx_word' id='word_1_83' title='bbox 478 742 621 782; x_wconf 89' lang='lat' dir='ltr'><strong>omnis</strong></span> <span class='ocrx_word' id='word_1_84' title='bbox 642 756 710 783; x_wconf 89' lang='lat' dir='ltr'><strong>res</strong></span> <span class='ocrx_word' id='word_1_85' title='bbox 731 742 862 783; x_wconf 91' lang='lat' dir='ltr'><strong>habet</strong></span> <span class='ocrx_word' id='word_1_86' title='bbox 884 743 1130 796; x_wconf 89' lang='lat' dir='ltr'><strong>appetitum</strong></span> <span class='ocrx_word' id='word_1_87' title='bbox 1146 743 1388 784; x_wconf 79' lang='lat' dir='ltr'><strong>naturalem</strong></span> <span class='ocrx_word' id='word_1_88' title='bbox 1403 743 1458 783; x_wconf 91' lang='lat' dir='ltr'><strong>ad</strong></span> <span class='ocrx_word' id='word_1_89' title='bbox 1474 756 1599 782; x_wconf 89' lang='lat' dir='ltr'><strong>suum</strong></span> <span class='ocrx_word' id='word_1_90' title='bbox 1623 742 1779 790; x_wconf 89' lang='lat' dir='ltr'><strong>locum,</strong></span> 
     </span>
    </p>

    <p class='ocr_par' dir='ltr' id='par_1_7' title="bbox 247 810 1845 1000">
     <span class='ocr_line' id='line_1_14' title="bbox 247 810 1845 864; baseline -0.001 -14"><span class='ocrx_word' id='word_1_91' title='bbox 247 818 294 852; x_wconf 91' lang='lat' dir='ltr'><strong>ut</strong></span> <span class='ocrx_word' id='word_1_92' title='bbox 317 811 428 864; x_wconf 86' lang='lat' dir='ltr'><strong>ignis</strong></span> <span class='ocrx_word' id='word_1_93' title='bbox 448 824 634 859; x_wconf 88' lang='lat' dir='ltr'><strong>sursum,</strong></span> <span class='ocrx_word' id='word_1_94' title='bbox 651 816 767 851; x_wconf 88' lang='lat' dir='ltr'><strong>terra</strong></span> <span class='ocrx_word' id='word_1_95' title='bbox 793 811 1008 860; x_wconf 90' lang='lat' dir='ltr'><strong>deorsum,</strong></span> <span class='ocrx_word' id='word_1_96' title='bbox 1031 818 1074 852; x_wconf 92' lang='lat' dir='ltr'><strong>et</strong></span> <span class='ocrx_word' id='word_1_97' title='bbox 1096 811 1156 852; x_wconf 87' lang='lat' dir='ltr'><strong>sic</strong></span> <span class='ocrx_word' id='word_1_98' title='bbox 1184 812 1240 852; x_wconf 94' lang='lat' dir='ltr'><strong>de</strong></span> <span class='ocrx_word' id='word_1_99' title='bbox 1269 811 1485 852; x_wconf 90' lang='lat' dir='ltr'><strong>omnibus.</strong></span> <span class='ocrx_word' id='word_1_100' title='bbox 1546 811 1701 851; x_wconf 89' lang='lat' dir='ltr'><strong>Eciam</strong></span> <span class='ocrx_word' id='word_1_101' title='bbox 1732 810 1775 849; x_wconf 89' lang='lat' dir='ltr'><strong>in</strong></span> <span class='ocrx_word' id='word_1_102' title='bbox 1806 821 1845 843; x_wconf 91' lang='lat'><strong>10</strong></span> 
     </span>
     <span class='ocr_line' id='line_1_15' title="bbox 247 872 1782 933; baseline -0.001 -13"><span class='ocrx_word' id='word_1_103' title='bbox 247 878 508 928; x_wconf 89' lang='lat' dir='ltr'><strong>hominibus,</strong></span> <span class='ocrx_word' id='word_1_104' title='bbox 525 879 710 931; x_wconf 89' lang='lat' dir='ltr'><strong>quilibet</strong></span> <span class='ocrx_word' id='word_1_105' title='bbox 727 872 944 920; x_wconf 83' lang='lat' dir='ltr'><strong>desiderat</strong></span> <span class='ocrx_word' id='word_1_106' title='bbox 966 879 1106 920; x_wconf 91' lang='lat' dir='ltr'><strong>solum</strong></span> <span class='ocrx_word' id='word_1_107' title='bbox 1125 879 1280 928; x_wconf 85' lang='lat' dir='ltr'><strong>natale,</strong></span> <span class='ocrx_word' id='word_1_108' title='bbox 1304 880 1414 920; x_wconf 89' lang='lat' dir='ltr'><strong>sicut</strong></span> <span class='ocrx_word' id='word_1_109' title='bbox 1430 879 1630 933; x_wconf 88' lang='lat' dir='ltr'><strong>egregius</strong></span> <span class='ocrx_word' id='word_1_110' title='bbox 1651 884 1782 931; x_wconf 83' lang='lat' dir='ltr'><strong>poeta</strong></span> 
     </span>
     <span class='ocr_line' id='line_1_16' title="bbox 249 948 577 1000; baseline -0.006 -12"><span class='ocrx_word' id='word_1_111' title='bbox 249 948 355 990; x_wconf 90' lang='lat' dir='ltr'><strong>dicit</strong></span> <span class='ocrx_word' id='word_1_112' title='bbox 376 949 551 1000; x_wconf 80' lang='lat' dir='ltr'><strong>egregie</strong></span> <span class='ocrx_word' id='word_1_113' title='bbox 570 963 577 986; x_wconf 92' lang='lat'><strong>:</strong></span> 
     </span>
    </p>
   </div>
   <div class='ocr_carea' id='block_1_5' title="bbox 424 1039 1523 1150">
    <p class='ocr_par' dir='ltr' id='par_1_8' title="bbox 424 1039 1523 1150">
     <span class='ocr_line' id='line_1_17' title="bbox 424 1039 1523 1093; baseline 0 -13"><span class='ocrx_word' id='word_1_114' title='bbox 424 1040 585 1081; x_wconf 86' lang='lat' dir='ltr'><strong>Nescio</strong></span> <span class='ocrx_word' id='word_1_115' title='bbox 617 1054 702 1093; x_wconf 88' lang='lat' dir='ltr'><strong>qua</strong></span> <span class='ocrx_word' id='word_1_116' title='bbox 733 1040 879 1080; x_wconf 85' lang='lat' dir='ltr'><strong>natale</strong></span> <span class='ocrx_word' id='word_1_117' title='bbox 910 1040 1051 1080; x_wconf 87' lang='lat' dir='ltr'><strong>solum</strong></span> <span class='ocrx_word' id='word_1_118' title='bbox 1084 1039 1313 1080; x_wconf 86' lang='lat' dir='ltr'><strong>dulcedine</strong></span> <span class='ocrx_word' id='word_1_119' title='bbox 1344 1046 1523 1080; x_wconf 86' lang='lat' dir='ltr'><strong>cunctos</strong></span> 
     </span>
     <span class='ocr_line' id='line_1_18' title="bbox 482 1107 1477 1150; baseline -0.001 -1"><span class='ocrx_word' id='word_1_120' title='bbox 482 1109 616 1150; x_wconf 88' lang='lat' dir='ltr'><strong>Ducit</strong></span> <span class='ocrx_word' id='word_1_121' title='bbox 640 1115 683 1149; x_wconf 90' lang='lat' dir='ltr'><strong>et</strong></span> <span class='ocrx_word' id='word_1_122' title='bbox 713 1109 993 1149; x_wconf 87' lang='lat' dir='ltr'><strong>immemores</strong></span> <span class='ocrx_word' id='word_1_123' title='bbox 1025 1121 1112 1148; x_wconf 94' lang='lat' dir='ltr'><strong>non</strong></span> <span class='ocrx_word' id='word_1_124' title='bbox 1143 1108 1244 1148; x_wconf 86' lang='lat' dir='ltr'><strong>sinit</strong></span> <span class='ocrx_word' id='word_1_125' title='bbox 1276 1121 1370 1149; x_wconf 89' lang='lat' dir='ltr'><strong>esse</strong></span> <span class='ocrx_word' id='word_1_126' title='bbox 1401 1107 1477 1148; x_wconf 85' lang='lat' dir='ltr'><strong>sui.</strong></span> 
     </span>
    </p>
   </div>
   <div class='ocr_carea' id='block_1_6' title="bbox 35 1206 1875 2282">
    <p class='ocr_par' dir='ltr' id='par_1_9' title="bbox 250 1206 1845 1532">
     <span class='ocr_line' id='line_1_19' title="bbox 252 1206 1845 1250; baseline -0.001 -3"><span class='ocrx_word' id='word_1_127' title='bbox 252 1207 311 1247; x_wconf 87' lang='lat' dir='ltr'><strong>Et</strong></span> <span class='ocrx_word' id='word_1_128' title='bbox 333 1206 659 1247; x_wconf 86' lang='lat' dir='ltr'><strong>concedendum</strong></span> <span class='ocrx_word' id='word_1_129' title='bbox 683 1212 747 1246; x_wconf 88' lang='lat' dir='ltr'><strong>est</strong></span> <span class='ocrx_word' id='word_1_130' title='bbox 769 1206 867 1247; x_wconf 67' lang='lat' dir='ltr'><strong>hoo</strong></span> <span class='ocrx_word' id='word_1_131' title='bbox 1809 1217 1845 1250; x_wconf 84' lang='lat'><strong>15</strong></span> 
     </span>
     <span class='ocr_line' id='line_1_20' title="bbox 310 1273 1783 1328; baseline -0.002 -13"><span class='ocrx_word' id='word_1_132' title='bbox 310 1275 369 1315; x_wconf 89' lang='lat' dir='ltr'><strong>Et</strong></span> <span class='ocrx_word' id='word_1_133' title='bbox 414 1275 470 1315; x_wconf 90' lang='lat' dir='ltr'><strong>ad</strong></span> <span class='ocrx_word' id='word_1_134' title='bbox 507 1275 696 1328; x_wconf 89' lang='lat' dir='ltr'><strong>primum</strong></span> <span class='ocrx_word' id='word_1_135' title='bbox 739 1275 972 1315; x_wconf 89' lang='lat' dir='ltr'><strong>dicendum</strong></span> <span class='ocrx_word' id='word_1_136' title='bbox 1015 1280 1081 1314; x_wconf 89' lang='lat' dir='ltr'><strong>est</strong></span> <span class='ocrx_word' id='word_1_137' title='bbox 1123 1275 1243 1326; x_wconf 83' lang='lat' dir='ltr'><strong>quod</strong></span> <span class='ocrx_word' id='word_1_138' title='bbox 1285 1274 1501 1314; x_wconf 88' lang='lat' dir='ltr'><strong>elementa</strong></span> <span class='ocrx_word' id='word_1_139' title='bbox 1541 1273 1783 1313; x_wconf 84' lang='lat' dir='ltr'><strong>secundum</strong></span> 
     </span>
     <span class='ocr_line' id='line_1_21' title="bbox 250 1339 1789 1395; baseline -0.002 -12"><span class='ocrx_word' id='word_1_140' title='bbox 250 1343 475 1395; x_wconf 86' lang='lat' dir='ltr'><strong>Averroys</strong></span> <span class='ocrx_word' id='word_1_141' title='bbox 505 1343 696 1383; x_wconf 87' lang='lat' dir='ltr'><strong>secundo</strong></span> <span class='ocrx_word' id='word_1_142' title='bbox 727 1342 795 1382; x_wconf 82' lang='lat' dir='ltr'><strong>De</strong></span> <span class='ocrx_word' id='word_1_143' title='bbox 825 1342 994 1382; x_wconf 77' lang='lat' dir='ltr'><strong>Anima</strong></span> <span class='ocrx_word' id='word_1_144' title='bbox 1025 1348 1068 1382; x_wconf 92' lang='lat' dir='ltr'><strong>et</strong></span> <span class='ocrx_word' id='word_1_145' title='bbox 1099 1342 1292 1383; x_wconf 90' lang='lat' dir='ltr'><strong>secundo</strong></span> <span class='ocrx_word' id='word_1_146' title='bbox 1329 1339 1417 1382; x_wconf 81' lang='lat' dir='ltr'><strong>Celz‘</strong></span> <span class='ocrx_word' id='word_1_147' title='bbox 1443 1347 1486 1381; x_wconf 85' lang='lat' dir='ltr'><strong>et</strong></span> <span class='ocrx_word' id='word_1_148' title='bbox 1504 1340 1674 1381; x_wconf 67' lang='lat' dir='ltr'><em>Mundi</em></span> <span class='ocrx_word' id='word_1_149' title='bbox 1701 1352 1789 1381; x_wconf 91' lang='lat' dir='ltr'><strong>non</strong></span> 
     </span>
     <span class='ocr_line' id='line_1_22' title="bbox 251 1410 1788 1462; baseline -0.001 -11"><span class='ocrx_word' id='word_1_150' title='bbox 251 1411 413 1451; x_wconf 88' lang='lat' dir='ltr'><strong>habent</strong></span> <span class='ocrx_word' id='word_1_151' title='bbox 446 1411 489 1450; x_wconf 90' lang='lat' dir='ltr'><strong>in</strong></span> <span class='ocrx_word' id='word_1_152' title='bbox 521 1412 609 1452; x_wconf 87' lang='lat' dir='ltr'><strong>suis</strong></span> <span class='ocrx_word' id='word_1_153' title='bbox 638 1411 772 1462; x_wconf 89' lang='lat' dir='ltr'><strong>speris</strong></span> <span class='ocrx_word' id='word_1_154' title='bbox 805 1410 1038 1462; x_wconf 86' lang='lat' dir='ltr'><strong>qualitates</strong></span> <span class='ocrx_word' id='word_1_155' title='bbox 1060 1410 1298 1451; x_wconf 90' lang='lat' dir='ltr'><strong>contrarias</strong></span> <span class='ocrx_word' id='word_1_156' title='bbox 1330 1410 1492 1451; x_wconf 86' lang='lat' dir='ltr'><strong>activas</strong></span> <span class='ocrx_word' id='word_1_157' title='bbox 1514 1416 1556 1450; x_wconf 91' lang='lat' dir='ltr'><strong>et</strong></span> <span class='ocrx_word' id='word_1_158' title='bbox 1580 1410 1788 1462; x_wconf 86' lang='lat' dir='ltr'><strong>passivas,</strong></span> 
     </span>
     <span class='ocr_line' id='line_1_23' title="bbox 254 1478 1788 1532; baseline -0.001 -13"><span class='ocrx_word' id='word_1_159' title='bbox 254 1493 339 1532; x_wconf 91' lang='lat' dir='ltr'><strong>que</strong></span> <span class='ocrx_word' id='word_1_160' title='bbox 369 1484 469 1519; x_wconf 84' lang='lat' dir='ltr'><strong>sunt</strong></span> <span class='ocrx_word' id='word_1_161' title='bbox 509 1478 713 1530; x_wconf 86' lang='lat' dir='ltr'><strong>calidum,</strong></span> <span class='ocrx_word' id='word_1_162' title='bbox 735 1479 953 1531; x_wconf 82' lang='lat' dir='ltr'><strong>frigidum,</strong></span> <span class='ocrx_word' id='word_1_163' title='bbox 985 1479 1230 1527; x_wconf 90' lang='lat' dir='ltr'><strong>humidum,</strong></span> <span class='ocrx_word' id='word_1_164' title='bbox 1263 1479 1437 1528; x_wconf 90' lang='lat' dir='ltr'><strong>siccum,</strong></span> <span class='ocrx_word' id='word_1_165' title='bbox 1470 1485 1537 1519; x_wconf 91' lang='lat' dir='ltr'><strong>set</strong></span> <span class='ocrx_word' id='word_1_166' title='bbox 1568 1479 1611 1518; x_wconf 91' lang='lat' dir='ltr'><strong>in</strong></span> <span class='ocrx_word' id='word_1_167' title='bbox 1644 1478 1788 1518; x_wconf 84' lang='lat' dir='ltr'><strong>mixto</strong></span> 
     </span>
    </p>

    <p class='ocr_par' dir='ltr' id='par_1_10' title="bbox 253 1546 1849 1804">
     <span class='ocr_line' id='line_1_24' title="bbox 253 1546 1849 1600; baseline -0.001 -13"><span class='ocrx_word' id='word_1_168' title='bbox 253 1554 437 1597; x_wconf 83' lang='lat' dir='ltr'><strong>tanturn,</strong></span> <span class='ocrx_word' id='word_1_169' title='bbox 470 1548 597 1597; x_wconf 90' lang='lat' dir='ltr'><strong>unde,</strong></span> <span class='ocrx_word' id='word_1_170' title='bbox 631 1554 678 1588; x_wconf 91' lang='lat' dir='ltr'><strong>ut</strong></span> <span class='ocrx_word' id='word_1_171' title='bbox 710 1553 811 1587; x_wconf 89' lang='lat' dir='ltr'><strong>sunt</strong></span> <span class='ocrx_word' id='word_1_172' title='bbox 842 1554 989 1600; x_wconf 85' lang='lat' dir='ltr'><strong>partes</strong></span> <span class='ocrx_word' id='word_1_173' title='bbox 1022 1547 1186 1596; x_wconf 89' lang='lat' dir='ltr'><strong>mundi,</strong></span> <span class='ocrx_word' id='word_1_174' title='bbox 1218 1560 1305 1587; x_wconf 92' lang='lat' dir='ltr'><strong>non</strong></span> <span class='ocrx_word' id='word_1_175' title='bbox 1337 1547 1501 1587; x_wconf 88' lang='lat' dir='ltr'><strong>habent</strong></span> <span class='ocrx_word' id='word_1_176' title='bbox 1534 1546 1788 1600; x_wconf 88' lang='lat' dir='ltr'><strong>hujusmodi</strong></span> <span class='ocrx_word' id='word_1_177' title='bbox 1811 1560 1849 1582; x_wconf 90' lang='lat'><strong>20</strong></span> 
     </span>
     <span class='ocr_line' id='line_1_25' title="bbox 253 1615 1791 1669; baseline -0.001 -13"><span class='ocrx_word' id='word_1_178' title='bbox 253 1616 593 1665; x_wconf 80' lang='lat' dir='ltr'><strong>contrarietates,</strong></span> <span class='ocrx_word' id='word_1_179' title='bbox 637 1616 740 1669; x_wconf 89' lang='lat' dir='ltr'><strong>quia</strong></span> <span class='ocrx_word' id='word_1_180' title='bbox 780 1622 880 1656; x_wconf 90' lang='lat' dir='ltr'><strong>sunt</strong></span> <span class='ocrx_word' id='word_1_181' title='bbox 922 1615 1019 1655; x_wconf 89' lang='lat' dir='ltr'><strong>loca</strong></span> <span class='ocrx_word' id='word_1_182' title='bbox 1062 1616 1361 1668; x_wconf 83' lang='lat' dir='ltr'><strong>generacionis</strong></span> <span class='ocrx_word' id='word_1_183' title='bbox 1411 1621 1455 1655; x_wconf 89' lang='lat' dir='ltr'><strong>et</strong></span> <span class='ocrx_word' id='word_1_184' title='bbox 1502 1615 1791 1656; x_wconf 80' lang='lat' dir='ltr'><strong>habitacionis</strong></span> 
     </span>
     <span class='ocr_line' id='line_1_26' title="bbox 255 1683 1790 1735; baseline 0 -12"><span class='ocrx_word' id='word_1_185' title='bbox 255 1697 398 1724; x_wconf 87' lang='lat' dir='ltr'><strong>rerum</strong></span> <span class='ocrx_word' id='word_1_186' title='bbox 422 1684 757 1735; x_wconf 86' lang='lat' dir='ltr'><strong>naturalium,et</strong></span> <span class='ocrx_word' id='word_1_187' title='bbox 776 1684 885 1733; x_wconf 89' lang='lat' dir='ltr'><strong>ideo,</strong></span> <span class='ocrx_word' id='word_1_188' title='bbox 909 1683 1071 1724; x_wconf 88' lang='lat' dir='ltr'><strong>habent</strong></span> <span class='ocrx_word' id='word_1_189' title='bbox 1094 1684 1333 1724; x_wconf 89' lang='lat' dir='ltr'><strong>secundum</strong></span> <span class='ocrx_word' id='word_1_190' title='bbox 1356 1697 1402 1724; x_wconf 89' lang='lat' dir='ltr'><strong>se</strong></span> <span class='ocrx_word' id='word_1_191' title='bbox 1423 1684 1565 1724; x_wconf 85' lang='lat' dir='ltr'><strong>solum</strong></span> <span class='ocrx_word' id='word_1_192' title='bbox 1587 1690 1790 1724; x_wconf 86' lang='lat' dir='ltr'><strong>naturam</strong></span> 
     </span>
     <span class='ocr_line' id='line_1_27' title="bbox 255 1751 1792 1804; baseline -0.001 -11"><span class='ocrx_word' id='word_1_193' title='bbox 255 1753 586 1793; x_wconf 88' lang='lat' dir='ltr'><strong>convenientem</strong></span> <span class='ocrx_word' id='word_1_194' title='bbox 625 1753 779 1792; x_wconf 85' lang='lat' dir='ltr'><strong>rebus:</strong></span> <span class='ocrx_word' id='word_1_195' title='bbox 813 1758 857 1792; x_wconf 89' lang='lat' dir='ltr'><strong>et</strong></span> <span class='ocrx_word' id='word_1_196' title='bbox 894 1752 955 1791; x_wconf 88' lang='lat' dir='ltr'><strong>ita</strong></span> <span class='ocrx_word' id='word_1_197' title='bbox 996 1752 1177 1792; x_wconf 90' lang='lat' dir='ltr'><strong>solvitur</strong></span> <span class='ocrx_word' id='word_1_198' title='bbox 1210 1752 1399 1804; x_wconf 90' lang='lat' dir='ltr'><strong>primum</strong></span> <span class='ocrx_word' id='word_1_199' title='bbox 1431 1752 1668 1804; x_wconf 90' lang='lat' dir='ltr'><strong>objectum.</strong></span> <span class='ocrx_word' id='word_1_200' title='bbox 1731 1751 1792 1792; x_wconf 91' lang='lat' dir='ltr'><strong>Et</strong></span> 
     </span>
    </p>

    <p class='ocr_par' dir='ltr' id='par_1_11' title="bbox 256 1820 1875 1874">
     <span class='ocr_line' id='line_1_28' title="bbox 256 1820 1875 1874; baseline 0.001 -13"><span class='ocrx_word' id='word_1_201' title='bbox 256 1821 496 1862; x_wconf 77' lang='lat' dir='ltr'><strong>secundum</strong></span> <span class='ocrx_word' id='word_1_202' title='bbox 529 1826 663 1873; x_wconf 84' lang='lat' dir='ltr'><strong>patet,</strong></span> <span class='ocrx_word' id='word_1_203' title='bbox 688 1821 791 1873; x_wconf 89' lang='lat' dir='ltr'><strong>quia</strong></span> <span class='ocrx_word' id='word_1_204' title='bbox 824 1820 897 1860; x_wconf 89' lang='lat' dir='ltr'><strong>illa</strong></span> <span class='ocrx_word' id='word_1_205' title='bbox 928 1820 1133 1861; x_wconf 88' lang='lat' dir='ltr'><strong>alteracio</strong></span> <span class='ocrx_word' id='word_1_206' title='bbox 1166 1833 1252 1860; x_wconf 92' lang='lat' dir='ltr'><strong>non</strong></span> <span class='ocrx_word' id='word_1_207' title='bbox 1285 1827 1351 1861; x_wconf 90' lang='lat' dir='ltr'><strong>est</strong></span> <span class='ocrx_word' id='word_1_208' title='bbox 1381 1834 1406 1860; x_wconf 89' lang='lat' dir='ltr'><strong>a</strong></span> <span class='ocrx_word' id='word_1_209' title='bbox 1438 1827 1594 1860; x_wconf 89' lang='lat' dir='ltr'><strong>natura</strong></span> <span class='ocrx_word' id='word_1_210' title='bbox 1615 1820 1793 1874; x_wconf 89' lang='lat' dir='ltr'><strong>propria</strong></span> <span class='ocrx_word' id='word_1_211' title='bbox 1874 1858 1875 1863; x_wconf 73' lang='grc'>,</span> 
     </span>
    </p>

    <p class='ocr_par' dir='ltr' id='par_1_12' title="bbox 35 1887 1875 2214">
     <span class='ocr_line' id='line_1_29' title="bbox 113 1887 1875 1942; baseline -0.002 -13"><span class='ocrx_word' id='word_1_212' title='bbox 113 1904 151 1933; x_wconf 69' lang='lat'><strong>5:</strong></span> <span class='ocrx_word' id='word_1_213' title='bbox 171 1894 191 1923; x_wconf 76' lang='lat' dir='ltr'><strong>b</strong></span> <span class='ocrx_word' id='word_1_214' title='bbox 212 1902 237 1922; x_wconf 79' lang='lat'><strong>2-</strong></span> <span class='ocrx_word' id='word_1_215' title='bbox 259 1889 586 1937; x_wconf 89' lang='lat' dir='ltr'><strong>elementorum,</strong></span> <span class='ocrx_word' id='word_1_216' title='bbox 637 1895 704 1929; x_wconf 87' lang='lat' dir='ltr'><strong>set</strong></span> <span class='ocrx_word' id='word_1_217' title='bbox 755 1902 780 1928; x_wconf 88' lang='lat' dir='ltr'><strong>a</strong></span> <span class='ocrx_word' id='word_1_218' title='bbox 831 1888 967 1929; x_wconf 90' lang='lat' dir='ltr'><strong>stellis</strong></span> <span class='ocrx_word' id='word_1_219' title='bbox 1019 1887 1318 1942; x_wconf 78' lang='lat' dir='ltr'><strong>alteranltibus</strong></span> <span class='ocrx_word' id='word_1_220' title='bbox 1368 1894 1569 1929; x_wconf 88' lang='lat' dir='ltr'><strong>naturam</strong></span> <span class='ocrx_word' id='word_1_221' title='bbox 1628 1888 1791 1928; x_wconf 89' lang='lat' dir='ltr'><strong>mundi.</strong></span> <span class='ocrx_word' id='word_1_222' title='bbox 1813 1888 1875 1933; x_wconf 71' lang='lat'><strong>25&#39;</strong></span> 
     </span>
     <span class='ocr_line' id='line_1_30' title="bbox 35 1955 1792 2011; baseline -0.001 -13"><span class='ocrx_word' id='word_1_223' title='bbox 35 1960 71 1989; x_wconf 73' lang='lat' dir='ltr'><strong>F·</strong></span> <span class='ocrx_word' id='word_1_224' title='bbox 93 1968 151 1998; x_wconf 77' lang='lat'><strong>103</strong></span> <span class='ocrx_word' id='word_1_225' title='bbox 170 1971 187 1989; x_wconf 71' lang='lat' dir='ltr'><strong>a</strong></span> <span class='ocrx_word' id='word_1_226' title='bbox 208 1968 235 1988; x_wconf 86' lang='lat'><strong>2·</strong></span> <span class='ocrx_word' id='word_1_227' title='bbox 260 1957 338 1998; x_wconf 85' lang='lat' dir='ltr'><strong>Set</strong></span> <span class='ocrx_word' id='word_1_228' title='bbox 360 1958 518 1997; x_wconf 85' lang='lat' dir='ltr'><strong>mirum</strong></span> <span class='ocrx_word' id='word_1_229' title='bbox 552 1963 618 1997; x_wconf 89' lang='lat' dir='ltr'><strong>est</strong></span> <span class='ocrx_word' id='word_1_230' title='bbox 652 1957 768 1997; x_wconf 89' lang='lat' dir='ltr'><strong>istud</strong></span> <span class='ocrx_word' id='word_1_231' title='bbox 795 1957 899 2009; x_wconf 89' lang='lat' dir='ltr'><strong>quia</strong></span> <span class='ocrx_word' id='word_1_232' title='bbox 928 1955 933 2011; x_wconf 68' lang='grc' dir='ltr'>Ι</span> <span class='ocrx_word' id='word_1_233' title='bbox 960 1958 1041 1997; x_wconf 87' lang='lat' dir='ltr'><strong>etsi</strong></span> <span class='ocrx_word' id='word_1_234' title='bbox 1071 1957 1305 2009; x_wconf 84' lang='lat' dir='ltr'><strong>qualitates</strong></span> <span class='ocrx_word' id='word_1_235' title='bbox 1334 1958 1499 1998; x_wconf 86' lang='lat' dir='ltr'><strong>activas</strong></span> <span class='ocrx_word' id='word_1_236' title='bbox 1525 1963 1568 1997; x_wconf 93' lang='lat' dir='ltr'><strong>et</strong></span> <span class='ocrx_word' id='word_1_237' title='bbox 1597 1957 1792 2009; x_wconf 87' lang='lat' dir='ltr'><strong>passivas</strong></span> 
     </span>
     <span class='ocr_line' id='line_1_31' title="bbox 259 2024 1793 2074; baseline -0.001 -9"><span class='ocrx_word' id='word_1_238' title='bbox 259 2038 345 2067; x_wconf 92' lang='lat' dir='ltr'><strong>non</strong></span> <span class='ocrx_word' id='word_1_239' title='bbox 375 2026 579 2074; x_wconf 83' lang='lat' dir='ltr'><strong>habeant,</strong></span> <span class='ocrx_word' id='word_1_240' title='bbox 618 2031 765 2065; x_wconf 90' lang='lat' dir='ltr'><strong>tamen</strong></span> <span class='ocrx_word' id='word_1_241' title='bbox 802 2024 967 2064; x_wconf 88' lang='lat' dir='ltr'><strong>habent</strong></span> <span class='ocrx_word' id='word_1_242' title='bbox 1003 2024 1164 2065; x_wconf 84' lang='lat' dir='ltr'><strong>formas</strong></span> <span class='ocrx_word' id='word_1_243' title='bbox 1206 2024 1520 2065; x_wconf 86' lang='lat' dir='ltr'><strong>substanciales</strong></span> <span class='ocrx_word' id='word_1_244' title='bbox 1555 2024 1793 2065; x_wconf 89' lang='lat' dir='ltr'><strong>contrarias</strong></span> 
     </span>
     <span class='ocr_line' id='line_1_32' title="bbox 258 2093 1793 2146; baseline -0.001 -12"><span class='ocrx_word' id='word_1_245' title='bbox 258 2094 421 2134; x_wconf 85' lang='lat' dir='ltr'><strong>activas</strong></span> <span class='ocrx_word' id='word_1_246' title='bbox 448 2100 492 2133; x_wconf 88' lang='lat' dir='ltr'><strong>et</strong></span> <span class='ocrx_word' id='word_1_247' title='bbox 518 2093 723 2145; x_wconf 85' lang='lat' dir='ltr'><strong>passivas,</strong></span> <span class='ocrx_word' id='word_1_248' title='bbox 747 2094 849 2145; x_wconf 86' lang='lat' dir='ltr'><strong>quia</strong></span> <span class='ocrx_word' id='word_1_249' title='bbox 878 2106 964 2133; x_wconf 90' lang='lat' dir='ltr'><strong>non</strong></span> <span class='ocrx_word' id='word_1_250' title='bbox 994 2093 1136 2133; x_wconf 89' lang='lat' dir='ltr'><strong>solum</strong></span> <span class='ocrx_word' id='word_1_251' title='bbox 1166 2098 1304 2146; x_wconf 84' lang='lat' dir='ltr'><strong>agunt</strong></span> <span class='ocrx_word' id='word_1_252' title='bbox 1332 2106 1410 2145; x_wconf 90' lang='lat' dir='ltr'><strong>per</strong></span> <span class='ocrx_word' id='word_1_253' title='bbox 1437 2093 1682 2134; x_wconf 90' lang='lat' dir='ltr'><strong>accidencia</strong></span> <span class='ocrx_word' id='word_1_254' title='bbox 1703 2106 1793 2141; x_wconf 88' lang='lat' dir='ltr'><strong>sua,</strong></span> 
     </span>
     <span class='ocr_line' id='line_1_33' title="bbox 258 2159 1795 2214; baseline -0.001 -12"><span class='ocrx_word' id='word_1_255' title='bbox 258 2169 322 2203; x_wconf 84' lang='lat' dir='ltr'><strong>set</strong></span> <span class='ocrx_word' id='word_1_256' title='bbox 345 2175 422 2214; x_wconf 87' lang='lat' dir='ltr'><strong>per</strong></span> <span class='ocrx_word' id='word_1_257' title='bbox 443 2175 541 2201; x_wconf 87' lang='lat' dir='ltr'><strong>suas</strong></span> <span class='ocrx_word' id='word_1_258' title='bbox 564 2161 846 2211; x_wconf 86' lang='lat' dir='ltr'><strong>substancias,</strong></span> <span class='ocrx_word' id='word_1_259' title='bbox 868 2167 944 2201; x_wconf 87' lang='lat' dir='ltr'><strong>aut</strong></span> <span class='ocrx_word' id='word_1_260' title='bbox 977 2174 1052 2202; x_wconf 89' lang='lat' dir='ltr'><strong>sue</strong></span> <span class='ocrx_word' id='word_1_261' title='bbox 1081 2161 1329 2202; x_wconf 88' lang='lat' dir='ltr'><strong>substancie</strong></span> <span class='ocrx_word' id='word_1_262' title='bbox 1350 2167 1494 2201; x_wconf 84' lang='lat' dir='ltr'><strong>essent</strong></span> <span class='ocrx_word' id='word_1_263' title='bbox 1514 2160 1670 2201; x_wconf 89' lang='lat' dir='ltr'><strong>ociose.</strong></span> <span class='ocrx_word' id='word_1_264' title='bbox 1734 2159 1795 2200; x_wconf 88' lang='lat' dir='ltr'><strong>Et</strong></span> 
     </span>
    </p>

    <p class='ocr_par' dir='ltr' id='par_1_13' title="bbox 261 2229 1871 2282">
     <span class='ocr_line' id='line_1_34' title="bbox 261 2229 1871 2282; baseline -0.001 -13"><span class='ocrx_word' id='word_1_265' title='bbox 261 2231 339 2270; x_wconf 88' lang='lat' dir='ltr'><strong>hec</strong></span> <span class='ocrx_word' id='word_1_266' title='bbox 367 2235 432 2270; x_wconf 89' lang='lat' dir='ltr'><strong>est</strong></span> <span class='ocrx_word' id='word_1_267' title='bbox 453 2229 638 2269; x_wconf 56' lang='lat' dir='ltr'><strong>difficilis</strong></span> <span class='ocrx_word' id='word_1_268' title='bbox 669 2229 876 2281; x_wconf 86' lang='lat' dir='ltr'><strong>objeccio,</strong></span> <span class='ocrx_word' id='word_1_269' title='bbox 904 2236 970 2269; x_wconf 88' lang='lat' dir='ltr'><strong>set</strong></span> <span class='ocrx_word' id='word_1_270' title='bbox 996 2229 1190 2279; x_wconf 86' lang='lat' dir='ltr'><strong>solvitur,</strong></span> <span class='ocrx_word' id='word_1_271' title='bbox 1223 2235 1436 2281; x_wconf 89' lang='lat' dir='ltr'><strong>quantum</strong></span> <span class='ocrx_word' id='word_1_272' title='bbox 1461 2242 1573 2269; x_wconf 87' lang='lat' dir='ltr'><strong>nunc</strong></span> <span class='ocrx_word' id='word_1_273' title='bbox 1605 2233 1793 2282; x_wconf 83' lang='lat' dir='ltr'><strong>oportet,</strong></span> <span class='ocrx_word' id='word_1_274' title='bbox 1814 2241 1854 2274; x_wconf 78' lang='lat'><strong>30</strong></span> <span class='ocrx_word' id='word_1_275' title='bbox 1866 2242 1871 2261; x_wconf 69' lang='lat' dir='ltr'><strong>v1</strong></span> 
     </span>
    </p>
   </div>
   <div class='ocr_carea' id='block_1_7' title="bbox 258 2336 1871 2776">
    <p class='ocr_par' dir='ltr' id='par_1_14' title="bbox 258 2336 1871 2488">
     <span class='ocr_line' id='line_1_35' title="bbox 302 2336 1796 2378; baseline -0.002 -9"><span class='ocrx_word' id='word_1_276' title='bbox 302 2348 321 2377; x_wconf 83' lang='lat'>5</span> <span class='ocrx_word' id='word_1_277' title='bbox 346 2338 646 2378; x_wconf 81' lang='lat' dir='ltr'><strong>Metheororum]</strong></span> <span class='ocrx_word' id='word_1_278' title='bbox 665 2338 699 2368; x_wconf 86' lang='lat' dir='ltr'><strong>ii.</strong></span> <span class='ocrx_word' id='word_1_279' title='bbox 716 2348 802 2369; x_wconf 87' lang='lat' dir='ltr'><strong>com.</strong></span> <span class='ocrx_word' id='word_1_280' title='bbox 823 2339 864 2368; x_wconf 88' lang='lat' dir='ltr'><strong>de</strong></span> <span class='ocrx_word' id='word_1_281' title='bbox 881 2338 1001 2369; x_wconf 87' lang='lat' dir='ltr'><strong>ventis.</strong></span> <span class='ocrx_word' id='word_1_282' title='bbox 1123 2348 1140 2376; x_wconf 92' lang='lat'><strong>7</strong></span> <span class='ocrx_word' id='word_1_283' title='bbox 1165 2336 1419 2377; x_wconf 82' lang='lat' dir='ltr'><strong>Phisicorum]</strong></span> <span class='ocrx_word' id='word_1_284' title='bbox 1437 2338 1480 2369; x_wconf 87' lang='lat' dir='ltr'><strong>iv.</strong></span> <span class='ocrx_word' id='word_1_285' title='bbox 1501 2346 1549 2376; x_wconf 88' lang='lat'><strong>17.</strong></span> <span class='ocrx_word' id='word_1_286' title='bbox 1670 2337 1690 2366; x_wconf 89' lang='lat'>8</span> <span class='ocrx_word' id='word_1_287' title='bbox 1715 2337 1796 2368; x_wconf 83' lang='lat' dir='ltr'><strong>Geli</strong></span> 
     </span>
     <span class='ocr_line' id='line_1_36' title="bbox 260 2388 1871 2430; baseline -0.002 -8"><span class='ocrx_word' id='word_1_288' title='bbox 260 2395 297 2422; x_wconf 76' lang='lat' dir='ltr'><strong>et</strong></span> <span class='ocrx_word' id='word_1_289' title='bbox 314 2389 467 2430; x_wconf 83' lang='lat' dir='ltr'><strong>Mundi]</strong></span> <span class='ocrx_word' id='word_1_290' title='bbox 486 2390 529 2420; x_wconf 90' lang='lat' dir='ltr'><strong>iv.</strong></span> <span class='ocrx_word' id='word_1_291' title='bbox 547 2399 598 2428; x_wconf 85' lang='lat'><strong>23,</strong></span> <span class='ocrx_word' id='word_1_292' title='bbox 619 2399 671 2427; x_wconf 82' lang='grc'><strong>24.</strong></span> <span class='ocrx_word' id='word_1_293' title='bbox 830 2399 869 2428; x_wconf 87' lang='lat'><strong>13</strong></span> <span class='ocrx_word' id='word_1_294' title='bbox 894 2389 981 2419; x_wconf 87' lang='lat' dir='ltr'><strong>Ovid</strong></span> <span class='ocrx_word' id='word_1_295' title='bbox 998 2399 1040 2420; x_wconf 85' lang='lat' dir='ltr'><strong>ex</strong></span> <span class='ocrx_word' id='word_1_296' title='bbox 1057 2389 1166 2420; x_wconf 88' lang='lat' dir='ltr'><strong>Ponto</strong></span> <span class='ocrx_word' id='word_1_297' title='bbox 1183 2390 1204 2420; x_wconf 88' lang='lat' dir='ltr'><strong>i.</strong></span> <span class='ocrx_word' id='word_1_298' title='bbox 1221 2399 1252 2428; x_wconf 86' lang='lat'><strong>3.</strong></span> <span class='ocrx_word' id='word_1_299' title='bbox 1272 2399 1324 2428; x_wconf 87' lang='lat'><strong>35.</strong></span> <span class='ocrx_word' id='word_1_300' title='bbox 1371 2389 1444 2420; x_wconf 88' lang='lat' dir='ltr'><strong>The</strong></span> <span class='ocrx_word' id='word_1_301' title='bbox 1462 2389 1623 2428; x_wconf 81' lang='lat' dir='ltr'><strong>ordinary</strong></span> <span class='ocrx_word' id='word_1_302' title='bbox 1642 2392 1716 2419; x_wconf 86' lang='lat' dir='ltr'><strong>text</strong></span> <span class='ocrx_word' id='word_1_303' title='bbox 1733 2388 1796 2419; x_wconf 86' lang='lat' dir='ltr'><strong>has</strong></span> <span class='ocrx_word' id='word_1_304' title='bbox 1870 2419 1871 2429; x_wconf 23' lang='grc' dir='ltr'><strong>ἶ</strong></span> 
     </span>
     <span class='ocr_line' id='line_1_37' title="bbox 258 2440 1866 2488; baseline -0.002 -15"><span class='ocrx_word' id='word_1_305' title='bbox 258 2447 389 2481; x_wconf 84' lang='lat' dir='ltr'><strong>captos,</strong></span> <span class='ocrx_word' id='word_1_306' title='bbox 408 2441 537 2480; x_wconf 86' lang='lat' dir='ltr'><strong>though</strong></span> <span class='ocrx_word' id='word_1_307' title='bbox 556 2440 686 2471; x_wconf 85' lang='lat' dir='ltr'><strong>Merkel</strong></span> <span class='ocrx_word' id='word_1_308' title='bbox 706 2441 851 2480; x_wconf 83' lang='lat' dir='ltr'><strong>(Teubn.</strong></span> <span class='ocrx_word' id='word_1_309' title='bbox 870 2440 942 2481; x_wconf 80' lang='lat' dir='ltr'><strong>ed.)</strong></span> <span class='ocrx_word' id='word_1_310' title='bbox 959 2441 1059 2471; x_wconf 82' lang='lat' dir='ltr'><strong>reads</strong></span> <span class='ocrx_word' id='word_1_311' title='bbox 1076 2445 1226 2471; x_wconf 83' lang='lat' dir='ltr'><strong>cunctos.</strong></span> <span class='ocrx_word' id='word_1_312' title='bbox 1859 2454 1866 2488; x_wconf 43' lang='lat'><em>5</em></span> 
     </span>
    </p>

    <p class='ocr_par' dir='ltr' id='par_1_15' title="bbox 262 2517 1870 2776">
     <span class='ocr_line' id='line_1_38' title="bbox 305 2527 1870 2578; baseline 0 -19"><span class='ocrx_word' id='word_1_313' title='bbox 305 2540 325 2559; x_wconf 85' lang='grc'><strong>2</strong></span> <span class='ocrx_word' id='word_1_314' title='bbox 349 2540 368 2559; x_wconf 85' lang='lat' dir='ltr'><strong>a</strong></span> <span class='ocrx_word' id='word_1_315' title='bbox 393 2531 489 2561; x_wconf 87' lang='lat' dir='ltr'><strong>nobis</strong></span> <span class='ocrx_word' id='word_1_316' title='bbox 517 2539 582 2559; x_wconf 83' lang='lat' dir='ltr'><strong>om.</strong></span> <span class='ocrx_word' id='word_1_317' title='bbox 613 2528 648 2558; x_wconf 90' lang='lat' dir='ltr'><em>D</em></span> <span class='ocrx_word' id='word_1_318' title='bbox 833 2540 851 2567; x_wconf 89' lang='lat'>4</span> <span class='ocrx_word' id='word_1_319' title='bbox 875 2527 1030 2568; x_wconf 88' lang='lat' dir='ltr'><strong>quando]</strong></span> <span class='ocrx_word' id='word_1_320' title='bbox 1059 2529 1217 2567; x_wconf 87' lang='lat' dir='ltr'><strong>quoniam</strong></span> <span class='ocrx_word' id='word_1_321' title='bbox 1242 2528 1275 2558; x_wconf 83' lang='lat' dir='ltr'><em>F</em></span> <span class='ocrx_word' id='word_1_322' title='bbox 1464 2538 1500 2559; x_wconf 89' lang='lat'><strong>11</strong></span> <span class='ocrx_word' id='word_1_323' title='bbox 1527 2528 1637 2559; x_wconf 83' lang='lat' dir='ltr'><strong>solum</strong></span> <span class='ocrx_word' id='word_1_324' title='bbox 1664 2527 1794 2568; x_wconf 80' lang='lat' dir='ltr'><strong>natale]</strong></span> <span class='ocrx_word' id='word_1_325' title='bbox 1869 2564 1870 2578; x_wconf 26' lang='lat'>¹</span> 
     </span>
     <span class='ocr_line' id='line_1_39' title="bbox 262 2577 1870 2623; baseline -0.001 -12"><span class='ocrx_word' id='word_1_326' title='bbox 262 2591 359 2611; x_wconf 78' lang='lat' dir='ltr'><strong>suum</strong></span> <span class='ocrx_word' id='word_1_327' title='bbox 379 2580 565 2611; x_wconf 82' lang='lat' dir='ltr'><strong>naturalem</strong></span> <span class='ocrx_word' id='word_1_328' title='bbox 583 2580 616 2609; x_wconf 91' lang='lat' dir='ltr'><em>F</em></span> <span class='ocrx_word' id='word_1_329' title='bbox 748 2590 786 2619; x_wconf 84' lang='lat'><strong>13</strong></span> <span class='ocrx_word' id='word_1_330' title='bbox 810 2580 892 2620; x_wconf 88' lang='lat' dir='ltr'><strong>qua]</strong></span> <span class='ocrx_word' id='word_1_331' title='bbox 916 2590 1015 2619; x_wconf 85' lang='lat' dir='ltr'><strong>quam</strong></span> <span class='ocrx_word' id='word_1_332' title='bbox 1039 2579 1074 2610; x_wconf 92' lang='lat' dir='ltr'><em>D</em></span> <span class='ocrx_word' id='word_1_333' title='bbox 1201 2589 1239 2618; x_wconf 85' lang='lat'><strong>14</strong></span> <span class='ocrx_word' id='word_1_334' title='bbox 1265 2579 1364 2610; x_wconf 90' lang='lat' dir='ltr'><strong>Ducit</strong></span> <span class='ocrx_word' id='word_1_335' title='bbox 1379 2579 1430 2620; x_wconf 89' lang='lat' dir='ltr'><strong>et]</strong></span> <span class='ocrx_word' id='word_1_336' title='bbox 1449 2579 1551 2611; x_wconf 85' lang='lat' dir='ltr'><strong>Ducit</strong></span> <span class='ocrx_word' id='word_1_337' title='bbox 1564 2585 1598 2610; x_wconf 89' lang='lat' dir='ltr'><strong>et</strong></span> <span class='ocrx_word' id='word_1_338' title='bbox 1614 2579 1716 2610; x_wconf 87' lang='lat' dir='ltr'><strong>allicit</strong></span> <span class='ocrx_word' id='word_1_339' title='bbox 1732 2577 1794 2609; x_wconf 91' lang='lat' dir='ltr'><strong>M:</strong></span> <span class='ocrx_word' id='word_1_340' title='bbox 1864 2608 1870 2623; x_wconf 54' lang='grc' dir='ltr'><strong>,Ι</strong></span> 
     </span>
     <span class='ocr_line' id='line_1_40' title="bbox 262 2630 1870 2673; baseline -0.001 -11"><span class='ocrx_word' id='word_1_341' title='bbox 262 2631 376 2662; x_wconf 84' lang='lat' dir='ltr'><strong>Allicit</strong></span> <span class='ocrx_word' id='word_1_342' title='bbox 394 2632 458 2662; x_wconf 87' lang='lat' dir='ltr'><strong>FD</strong></span> <span class='ocrx_word' id='word_1_343' title='bbox 602 2640 640 2670; x_wconf 87' lang='lat'><strong>15</strong></span> <span class='ocrx_word' id='word_1_344' title='bbox 666 2631 724 2671; x_wconf 86' lang='lat' dir='ltr'><strong>Et]</strong></span> <span class='ocrx_word' id='word_1_345' title='bbox 744 2632 804 2661; x_wconf 85' lang='lat' dir='ltr'><strong>Set</strong></span> <span class='ocrx_word' id='word_1_346' title='bbox 819 2631 855 2661; x_wconf 91' lang='lat' dir='ltr'><em>D</em></span> <span class='ocrx_word' id='word_1_347' title='bbox 1002 2633 1040 2662; x_wconf 89' lang='lat'><strong>18</strong></span> <span class='ocrx_word' id='word_1_348' title='bbox 1064 2631 1185 2672; x_wconf 87' lang='lat' dir='ltr'><strong>speris]</strong></span> <span class='ocrx_word' id='word_1_349' title='bbox 1205 2631 1352 2670; x_wconf 88' lang='lat' dir='ltr'><strong>propriis</strong></span> <span class='ocrx_word' id='word_1_350' title='bbox 1369 2630 1405 2660; x_wconf 91' lang='lat' dir='ltr'><em>D</em></span> <span class='ocrx_word' id='word_1_351' title='bbox 1540 2632 1645 2662; x_wconf 91' lang='lat'>18-20</span> <span class='ocrx_word' id='word_1_352' title='bbox 1668 2631 1795 2662; x_wconf 85' lang='lat' dir='ltr'><strong>activas</strong></span> <span class='ocrx_word' id='word_1_353' title='bbox 1864 2631 1870 2673; x_wconf 49' lang='grc' dir='ltr'><strong>,ᾗ</strong></span> 
     </span>
     <span class='ocr_line' id='line_1_41' title="bbox 263 2679 1795 2723; baseline -0.001 -9"><span class='ocrx_word' id='word_1_354' title='bbox 263 2707 270 2714; x_wconf 92' lang='grc'><strong>.</strong></span> <span class='ocrx_word' id='word_1_355' title='bbox 292 2707 299 2714; x_wconf 92' lang='grc'><strong>.</strong></span> <span class='ocrx_word' id='word_1_356' title='bbox 320 2707 327 2714; x_wconf 93' lang='grc'><strong>.</strong></span> <span class='ocrx_word' id='word_1_357' title='bbox 348 2688 464 2722; x_wconf 85' lang='lat' dir='ltr'><strong>partes</strong></span> <span class='ocrx_word' id='word_1_358' title='bbox 480 2693 544 2714; x_wconf 89' lang='lat' dir='ltr'><strong>om.</strong></span> <span class='ocrx_word' id='word_1_359' title='bbox 562 2682 596 2712; x_wconf 89' lang='lat' dir='ltr'><em>D</em></span> <span class='ocrx_word' id='word_1_360' title='bbox 706 2692 747 2712; x_wconf 84' lang='lat'><strong>22</strong></span> <span class='ocrx_word' id='word_1_361' title='bbox 773 2682 897 2723; x_wconf 88' lang='lat' dir='ltr'><strong>solum]</strong></span> <span class='ocrx_word' id='word_1_362' title='bbox 915 2683 1021 2714; x_wconf 86' lang='lat' dir='ltr'><strong>solam</strong></span> <span class='ocrx_word' id='word_1_363' title='bbox 1038 2683 1071 2712; x_wconf 88' lang='lat' dir='ltr'><em>F</em></span> <span class='ocrx_word' id='word_1_364' title='bbox 1174 2692 1216 2721; x_wconf 88' lang='grc'><strong>23</strong></span> <span class='ocrx_word' id='word_1_365' title='bbox 1240 2681 1299 2722; x_wconf 83' lang='lat' dir='ltr'><strong>ita]</strong></span> <span class='ocrx_word' id='word_1_366' title='bbox 1319 2682 1394 2713; x_wconf 88' lang='lat' dir='ltr'><strong>ideo</strong></span> <span class='ocrx_word' id='word_1_367' title='bbox 1410 2681 1444 2712; x_wconf 90' lang='lat' dir='ltr'><em>F</em></span> <span class='ocrx_word' id='word_1_368' title='bbox 1547 2692 1590 2721; x_wconf 86' lang='lat'><strong>30</strong></span> <span class='ocrx_word' id='word_1_369' title='bbox 1613 2679 1795 2721; x_wconf 87' lang='lat' dir='ltr'><strong>quantum]</strong></span> 
     </span>
     <span class='ocr_line' id='line_1_42' title="bbox 263 2735 795 2776; baseline -0.002 -10"><span class='ocrx_word' id='word_1_370' title='bbox 263 2737 409 2775; x_wconf 84' lang='lat' dir='ltr'><strong>qualiter</strong></span> <span class='ocrx_word' id='word_1_371' title='bbox 425 2736 459 2766; x_wconf 93' lang='lat' dir='ltr'><em>D</em></span> <span class='ocrx_word' id='word_1_372' title='bbox 557 2735 663 2776; x_wconf 89' lang='lat' dir='ltr'><strong>nune]</strong></span> <span class='ocrx_word' id='word_1_373' title='bbox 682 2746 745 2766; x_wconf 89' lang='lat' dir='ltr'><strong>nec</strong></span> <span class='ocrx_word' id='word_1_374' title='bbox 762 2736 795 2765; x_wconf 88' lang='lat' dir='ltr'><em>F</em></span> 
     </span>
    </p>
   </div>
   <div class='ocr_carea' id='block_1_8' title="bbox 1866 2675 1870 2870">
    <p class='ocr_par' dir='ltr' id='par_1_16' title="bbox 1866 2675 1870 2870">
     <span class='ocr_line' id='line_1_43' title="bbox 1867 2675 1870 2733; baseline 0 -4"><span class='ocrx_word' id='word_1_375' title='bbox 1867 2675 1870 2733; x_wconf 68' lang='lat' dir='ltr'><strong>l</strong></span> 
     </span>
     <span class='ocr_line' id='line_1_44' title="bbox 1866 2751 1870 2870; baseline 0 -30"><span class='ocrx_word' id='word_1_376' title='bbox 1866 2751 1870 2870; x_wconf 47' lang='grc' dir='ltr'><em>ς</em></span> 
     </span>
    </p>
   </div>
   <div class='ocr_carea' id='block_1_9' title="bbox 1864 2900 1893 3126">
    <p class='ocr_par' dir='ltr' id='par_1_17' title="bbox 1864 2900 1893 3126">
     <span class='ocr_line' id='line_1_45' title="bbox 1864 2900 1893 3126; baseline 0 -42"><span class='ocrx_word' id='word_1_377' title='bbox 1864 2900 1893 3126; x_wconf 58' lang='lat' dir='ltr'><strong>l</strong></span> 
     </span>
    </p>
   </div>
  </div>
 </body>
</html>
