1877 3131
820 123 896 166 Ι37

90 234 238 268 tatem.
302 226 380 268 Set
412 226 508 266 finis
540 226 657 279 cogit
691 225 919 266 materiam
949 225 1003 265 ad
1037 225 1131 273 hoc,
1166 231 1214 265 ut
1241 224 1382 266 elevet
1413 225 1620 267 humores

90 309 253 348 aqueos
289 295 345 336 ad
382 293 527 335 locum
563 293 766 347 frigidum
800 293 841 333 in
875 307 986 344 aere,
1018 299 1060 333 et
1090 300 1324 346 graventur
1354 293 1414 335 ibi
1446 301 1624 347 propter

92 364 377 417 frigiditatem
420 362 740 416 congelantem,
782 362 885 414 quia
926 361 1046 402 locus
1086 361 1158 402 ille
1198 369 1263 402 est
1304 362 1619 414 frigidissimus.

94 432 152 472 Et
175 431 273 473 licet
295 431 350 472 sit
373 431 432 472 sic
456 431 497 470 in
527 430 808 481 naturalibus,
830 430 947 483 quod
976 429 1074 470 finis
1099 430 1285 483 imponit
1313 430 1617 470 necessitatem

53 519 69 548 ,ς
90 501 150 540 eis
179 513 265 553 que
296 507 398 540 sunt
426 500 469 539 in
498 499 642 549 finem,
665 512 753 540 non
773 505 921 540 tamen
943 498 1002 538 sic
1024 504 1090 539 est
1112 498 1153 538 in
1175 498 1384 539 doctrinis
1409 504 1452 538 et
1479 498 1616 538 scien-

34 857 70 878 10

33 1546 72 1567 20

89 567 280 620 cialibus,
303 581 405 609 nam
420 567 652 617 conclusio,
675 581 760 620 que
784 573 848 608 est
876 566 985 618 finis,
1007 579 1093 607 non
1117 566 1287 620 inponit
1308 567 1609 607 necessitatem

90 636 325 690 principiis,
355 642 420 677 set
454 650 478 677 e
514 649 721 677 converso
754 641 798 676 et
835 635 1135 676 necessitatem
1177 647 1458 675 communem
1496 640 1543 675 ut
1577 634 1618 674 in

91 705 209 746 omni
242 705 481 758 silogismo,
512 710 555 745 et
585 703 888 745 necessitatem
920 704 1088 745 essendi
1122 710 1170 745 ut
1205 704 1246 743 in
1278 703 1621 744 demonstrativa

89 773 340 826 sillogismo,
379 779 555 827 propter
596 773 711 814 enim
758 786 808 813 ea
849 786 933 826 que
974 773 1118 825 posita
1163 779 1262 813 sunt
1300 772 1341 812 in
1383 771 1614 824 premissis,

89 855 260 882 necesse
283 849 347 882 est
375 842 491 882 aliud
524 841 693 882 evenire
718 841 761 880 in
794 840 1084 881 conclusione.
1147 841 1206 880 Et
1236 840 1277 880 in
1309 839 1616 888 artificialibus,

90 909 293 950 ultimum
328 916 394 950 est
434 923 605 962 semper
646 909 847 962 primum,
878 908 961 949 hoc
1004 915 1068 949 est
1111 909 1251 962 ipsum
1293 907 1518 949 artificiale
1553 914 1619 949 est

91 986 268 1032 propter
300 991 448 1031 agens,
485 991 616 1018 omne
660 978 775 1019 enim
819 990 952 1030 agens
991 990 1065 1030 per
1106 976 1376 1018 intellectum
1418 983 1484 1017 est
1525 976 1620 1016 finis

90 1060 263 1087 suarum
285 1047 593 1100 operacionum
611 1047 714 1099 quia
730 1052 908 1100 propter
928 1059 973 1086 se
990 1046 1091 1086 facit
1112 1059 1198 1086 non
1225 1052 1402 1099 propter
1423 1045 1554 1092 aliud,
1572 1051 1619 1084 ut

91 1115 212 1155 Deus
241 1122 304 1156 est
335 1115 429 1155 finis
458 1121 665 1166 creature,
686 1120 729 1154 et
759 1114 891 1154 homo
923 1114 1017 1154 finis
1045 1113 1241 1154 omnium
1274 1127 1359 1166 que
1381 1112 1495 1162 facit,
1518 1113 1620 1166 quia

90 1190 267 1237 propter
308 1197 353 1224 se
396 1183 513 1231 facit,
558 1182 659 1223 licet
698 1183 818 1223 Deus
867 1189 1043 1236 propter
1083 1181 1268 1235 gloriam
1312 1182 1500 1222 nominis
1540 1182 1618 1229 sui,

88 1252 262 1303 scilicet,
301 1258 349 1293 ut
381 1252 585 1292 ostendat
619 1251 798 1291 divicias
830 1251 1039 1292 bonitatis
1073 1265 1159 1299 sue,
1186 1251 1242 1290 ad
1275 1264 1407 1303 quam
1440 1250 1612 1304 partici-

90 1320 280 1373 pandam
314 1319 413 1360 fecit
447 1332 623 1361 omnem
656 1326 911 1369 creaturam,
942 1319 1182 1359 secundum
1215 1318 1448 1371 cujuslibet
1480 1319 1614 1371 possi-

90 1388 318 1438 bilitatem,
341 1389 474 1429 homo
503 1388 604 1429 facit
629 1388 779 1428 omnia
811 1393 991 1441 propter
1022 1387 1257 1428 utilitatem
1279 1400 1416 1435 suam,
1444 1394 1487 1427 et
1521 1387 1620 1427 ideo

90 1458 224 1498 homo
250 1457 352 1498 facit
374 1457 580 1497 virtutem
613 1456 821 1497 moralem
853 1462 1034 1510 propter
1064 1470 1122 1506 se,
1143 1455 1320 1505 scilicet,
1343 1462 1389 1495 ut
1420 1455 1621 1508 adquirat

91 1539 215 1566 suam
255 1524 521 1573 felicitatem,
553 1538 640 1577 que
680 1524 781 1577 quia
819 1537 907 1564 non
946 1524 996 1565 fit
1029 1524 1085 1565 ab
1122 1538 1189 1575 eo,
1223 1538 1301 1565 nec
1338 1537 1434 1564 eam
1470 1537 1547 1577 per
1577 1537 1623 1564 se

91 1594 305 1647 adquiret,
327 1599 392 1634 set
424 1594 558 1646 gratis
589 1594 719 1634 datur
747 1593 784 1633 ei
813 1607 838 1634 a
868 1593 979 1643 Deo,
1003 1593 1101 1634 ideo
1131 1592 1204 1632 illa
1237 1592 1409 1633 videtur
1440 1592 1621 1633 necessi-

90 1668 229 1703 tatem
261 1662 482 1714 imponere
512 1661 693 1710 homini,
721 1669 768 1702 ut
800 1662 898 1702 ideo
929 1661 1090 1702 habeat
1121 1661 1315 1701 animam
1346 1661 1621 1708 racionalem‚

91 1744 177 1783 que
198 1737 264 1771 est
286 1737 389 1771 nata
411 1743 672 1783 cognoscere
698 1730 842 1770 Deum
873 1737 915 1771 et
944 1729 1138 1771 venerari
1164 1728 1368 1783 perfecte,
1391 1729 1432 1769 in
1464 1729 1621 1782 quibus

92 1799 230 1840 tribus
257 1799 455 1840 consistit
476 1796 669 1853 sellicitas
692 1804 848 1840 eterna.
1641 1810 1681 1850 38
1700 1810 1720 1840 b
1740 1818 1767 1841 1.

139 1932 151 1952 1
178 1921 370 1963 materiam]
388 1926 542 1953 naturam
560 1922 594 1951 D
711 1922 762 1962 ut]
780 1923 868 1961 quod
887 1922 921 1952 D
1067 1932 1087 1960 3
1111 1921 1183 1963 ille]
1202 1922 1246 1952 ibi
1264 1921 1298 1951 D
1474 1932 1491 1959 4
1518 1922 1624 1961 quod]

91 1973 171 2013 quia
186 1974 219 2003 F
416 1983 436 2013 5
460 1972 510 2013 in]
528 1974 569 2004 ad
588 1973 620 2002 F
748 1973 999 2014 sciencialibus]
1017 1973 1238 2004 seminalibus
1255 1973 1289 2002 D
1484 1983 1522 2012 13
1547 1974 1625 2004 facit

92 2036 158 2057 om.
177 2025 218 2055 M
348 2035 390 2056 20
412 2024 525 2065 suam]
542 2025 687 2056 futuram
704 2024 769 2055 FD
900 2035 941 2055 22
965 2025 1087 2056 habeat
1104 2036 1169 2055 om.
1187 2025 1221 2054 D

160 2852 183 2870 R.
200 2853 223 2871 Β.
240 2852 269 2869 111
842 2838 870 2869 L
