1898 3126
114 1512 233 1551 58a2.

36 2117 69 2148 F.
90 2119 185 2156 [(331)
207 2126 232 2147 i.

987 102 1070 141 204

260 206 543 247 conformitas
558 205 752 258 parcium
776 203 1004 257 cujuslibet
1022 203 1160 243 tocius
1178 201 1280 243 facit
1295 203 1351 243 ad
1366 202 1553 243 salutem
1579 213 1729 241 eorum
1752 206 1796 241 et

260 275 411 316 tocius.
473 274 532 314 Et
565 273 762 315 similiter
792 272 962 313 celestis
999 277 1153 312 natura
1187 277 1290 324 apta
1326 277 1428 311 nata
1470 276 1535 310 est
1566 268 1795 309 assimilari

260 343 527 392 elementari,
550 349 593 383 et
615 342 697 383 hoc
719 347 784 382 est
806 355 883 394 per
904 340 1178 381 influenciam
1200 339 1358 392 speciei
1376 345 1419 379 et
1439 338 1624 388 virtutis,
1649 350 1795 378 secun-

259 413 364 452 dum
380 411 499 465 quod
515 411 853 452 determinatum
877 415 942 449 est
957 409 1073 461 prius
1097 409 1139 448 in
1163 413 1352 448 tractatu
1374 407 1425 447 de
1444 406 1666 460 speciebus.
1717 404 1794 447 Set

258 478 362 530 quia
391 477 560 517 celestis
589 482 742 516 natura
769 482 834 516 est
861 474 1048 515 nobilior
1073 473 1339 523 elementari,
1363 473 1463 512 ideo
1485 472 1588 513 facit
1613 471 1792 512 influen-
1814 492 1830 523 5

258 546 368 586 ciam
399 544 659 585 nobiliorem
687 550 729 584 et
761 543 1014 596 pleniorem,
1036 548 1079 582 et
1111 548 1290 594 propter
1315 540 1398 582 hoc
1424 540 1557 581 habet
1585 540 1794 581 virtutem

259 614 457 654 salvandi
480 613 755 661 elementum,
771 620 812 652 et
835 612 933 652 ideo
956 610 1126 651 locandi
1150 617 1193 650 et
1215 610 1496 651 continuandi
1519 615 1562 650 et
1583 609 1795 650 servandi.

317 681 395 723 Set
416 688 572 735 quarto
590 680 954 721 considerandum
970 686 1048 727 est,
1069 692 1123 718 an
1146 678 1266 719 locus
1282 678 1437 719 influat
1453 678 1565 719 hanc
1585 678 1793 718 virtutem

255 750 297 790 in
322 749 483 790 mobile
511 749 566 789 ad
597 749 740 801 ipsum
770 754 935 788 natum.
1000 746 1134 799 Quod
1157 747 1218 787 sic
1240 747 1428 798 videtur,
1451 746 1554 799 quia
1585 745 1794 787 mirabilis

256 823 321 858 est
363 817 565 870 potencia
613 817 708 866 loci,
747 829 833 869 qua
871 815 1216 867 unumquodque
1256 814 1390 855 fertur
1422 815 1464 854 in
1496 827 1623 855 suum
1651 814 1793 855 locum
1816 833 1853 855 10

258 899 346 927 non
374 885 659 938 prohibitum,
686 885 796 925 sicut
824 877 1090 924 Aristoteles
1112 883 1229 923 dicit.
1294 883 1419 933 Item,
1443 889 1589 923 motus
1616 882 1716 924 ferri
1738 883 1792 923 ad

259 960 509 1008 magnetem
542 959 608 993 est
639 952 791 994 similis
823 953 961 992 motui
994 951 1123 992 locati
1155 952 1210 992 ad
1233 951 1390 1001 locum,
1412 953 1652 993 secundum
1675 953 1794 1005 quod

256 1023 546 1065 communiter
562 1022 731 1072 dicitur,
748 1027 790 1061 et
807 1021 950 1073 tangit
964 1019 1202 1073 Averroys,
1225 1025 1270 1072 70
1288 1019 1578 1069 th'sz'cornm,
1601 1027 1644 1060 et
1660 1019 1763 1061 alibi
1787 1035 1795 1070 3

257 1098 322 1133 set
344 1092 412 1133 hic
436 1097 581 1131 motus
598 1090 647 1130 fit
670 1103 746 1143 per
768 1088 1047 1129 influenciam
1062 1088 1242 1141 alicujus
1256 1089 1442 1130 virtutis.
1498 1090 1625 1139 Item,
1649 1094 1794 1130 motus

258 1159 465 1199 naturalis
486 1165 550 1199 est
572 1157 729 1199 forcior
752 1158 794 1197 in
817 1157 913 1207 fine,
937 1157 1051 1197 unde
1073 1170 1216 1210 grave,
1239 1163 1406 1210 quanto
1429 1158 1567 1210 magis
1590 1158 1793 1211 apropin-
1817 1172 1851 1205 15

257 1234 363 1281 quat
378 1228 593 1275 deorsum,
608 1233 733 1267 tanto
751 1225 909 1266 sorcius
924 1231 1135 1274 movetur,
1154 1226 1265 1266 sicut
1279 1225 1437 1266 ferrum
1455 1226 1510 1266 ad
1527 1232 1794 1280 magnetem.

257 1296 335 1337 Set
358 1295 480 1336 istius
508 1295 776 1335 fortitudinis
798 1307 927 1334 causa
954 1300 1018 1334 est
1051 1294 1396 1347 apropinquacio
1417 1294 1473 1334 ad
1495 1293 1652 1344 locum,
1676 1307 1794 1348 ergo,

256 1364 375 1405 locus
404 1364 578 1404 videtur
609 1363 773 1415 aliquid
806 1361 996 1410 influere,
1025 1368 1073 1402 ut
1107 1362 1162 1402 sit
1196 1375 1328 1402 causa
1359 1363 1482 1403 istius
1511 1362 1795 1404 fortitudinis.

256 1432 385 1481 Item,
408 1432 638 1472 renovacio
671 1430 934 1471 fortitudinis
967 1437 1114 1470 motus
1137 1430 1179 1469 in
1202 1431 1335 1482 gravi,
1358 1444 1457 1472 cum
1486 1432 1792 1484 apropinquat,

257 1513 344 1542 non
365 1506 510 1554 potest
528 1513 621 1539 esse
639 1500 720 1540 nisi
742 1499 845 1551 quia
873 1497 878 1551 Ι
906 1498 1053 1551 aliqua
1075 1498 1306 1551 disposicio
1330 1506 1562 1540 renovatur
1583 1501 1626 1540 in
1643 1513 1708 1550 eo,
1729 1507 1793 1541 set
1815 1518 1852 1540 πο
1894 1498 1898 1542 :³

256 1568 386 1609 nichil
408 1574 552 1621 potest
577 1567 660 1608 dici
684 1567 894 1616 renovari,
918 1566 998 1606 nisi
1019 1567 1074 1607 sit
1096 1567 1233 1607 virtus
1256 1567 1353 1608 loci.
1407 1567 1484 1608 Set
1507 1574 1670 1619 contra,
1686 1567 1792 1610 illud
1894 1559 1895 1570 ³

255 1637 372 1689 quod
406 1643 551 1676 movet
584 1635 702 1676 aliud
736 1649 813 1687 per
845 1634 1120 1675 influenciam
1153 1635 1338 1687 virtutis,
1370 1649 1456 1676 non
1489 1643 1635 1677 movet
1672 1636 1793 1688 illud,

255 1705 335 1745 nisi
373 1718 469 1745 cum
499 1711 561 1744 est
593 1705 635 1743 in
670 1704 818 1744 debita
847 1704 1060 1745 distancia
1097 1710 1297 1756 respectu
1332 1704 1565 1754 influentis,
1593 1706 1705 1745 sicut
1739 1706 1793 1745 de

256 1779 477 1827 magnete3
501 1785 587 1812 non
607 1772 721 1812 enim
742 1778 889 1812 movet
906 1771 1079 1820 ferrum,
1095 1773 1176 1811 nisi
1195 1773 1370 1824 quando
1389 1779 1454 1813 est
1472 1774 1514 1812 in
1537 1773 1686 1814 debita
1707 1774 1792 1814 dis-

254 1843 398 1882 tancia
430 1842 484 1881 ad
518 1842 673 1893 ipsum,
707 1847 766 1891 ut,
796 1841 972 1890 scilicet,
1004 1840 1140 1893 possit
1168 1841 1358 1893 recipere
1398 1841 1590 1894 aliquam
1621 1842 1792 1882 virtutis
1813 1861 1848 1894 ²5

254 1908 581 1962 impressionem
611 1923 687 1963 per
709 1922 842 1961 quam
873 1909 1080 1949 alteretur
1101 1914 1147 1948 ut
1171 1915 1408 1950 moveatur.
1471 1909 1548 1950 Set
1573 1923 1718 1962 grave,
1749 1911 1791 1950 in

253 1978 369 2016 omni
393 1978 605 2018 distancia
628 1978 832 2029 positum,
855 1977 989 2017 fertur
1012 1978 1054 2016 in
1077 1990 1202 2017 suum
1227 1977 1370 2017 locum
1394 1978 1611 2025 deorsum,
1633 1978 1790 2019 eciam-

252 2045 286 2083 si
328 2052 561 2097 poneretur
603 2046 645 2085 in
682 2045 954 2086 concavitate
997 2045 1112 2085 orbis
1155 2045 1270 2096 lune,
1301 2052 1349 2086 ut
1380 2045 1644 2086 Aristoteles
1677 2046 1791 2104 dicit,

252 2116 298 2160 4⁰
354 2112 443 2154 Celz·
487 2112 492 2166 l
539 2121 580 2153 et
631 2113 807 2154 Mundi.
890 2113 1176 2154 Manifestum
1228 2120 1294 2154 est
1340 2114 1470 2167 igitur
1512 2115 1631 2166 quod
1673 2114 1791 2155 locus

255 2193 340 2220 non
378 2181 518 2221 influit
560 2183 602 2221 in
635 2181 797 2222 mobile
833 2183 889 2222 ad
930 2183 1088 2235 ipsum,
1121 2188 1164 2222 et
1205 2189 1321 2223 certe
1352 2183 1433 2223 hec
1464 2189 1529 2222 est
1570 2183 1788 2224 sentencia
1809 2201 1848 2233 30

253 2248 476 2301 Averroys
499 2250 539 2289 in
566 2255 608 2301 70
630 2249 916 2299 Phisicomtm,
940 2252 1013 2291 ubi
1036 2250 1136 2290 licet
1159 2251 1234 2291 det
1268 2251 1622 2291 convenienciam
1646 2257 1790 2291 motus

254 2317 351 2356 ferri
385 2318 440 2357 ad
484 2324 747 2370 magnetem,
780 2325 824 2358 et
857 2318 1030 2359 mobilis
1061 2320 1116 2358 ad
1149 2318 1306 2367 locum,
1339 2325 1487 2358 tamen
1526 2318 1568 2358 in
1605 2319 1689 2359 hoc
1726 2325 1789 2359 est
1879 2323 1885 2363 l*

256 2382 520 2433 differenda,
552 2387 671 2437 quod
709 2387 870 2427 ferrum
916 2387 1063 2439 recipit
1096 2386 1408 2427 alteracionem
1449 2400 1474 2426 a
1513 2392 1714 2439 magnete
1747 2387 1788 2426 in

299 2508 318 2534 4
342 2501 505 2529 tractatu
531 2502 574 2529 de
599 2500 812 2540 speciebus]
837 2510 896 2530 see
916 2511 946 2539 p.
971 2502 1018 2530 18.
1259 2510 1307 2539 13,
1326 2510 1365 2539 31
1393 2500 1645 2541 Phisicorum]
1665 2500 1720 2531 vii.
1738 2510 1787 2531 10.

257 2557 298 2586 29
323 2550 401 2579 Geli
419 2553 456 2579 et
473 2550 624 2591 Mundi]
645 2551 686 2580 ivi
705 2561 756 2580 22.

300 2655 330 2684 3,
350 2656 369 2685 5
394 2646 610 2687 elementari]
629 2653 749 2678 nature
767 2648 965 2678 elementari
982 2648 1017 2677 D
1134 2658 1153 2687 3
1178 2649 1241 2679 hoc
1260 2647 1328 2689 est]
1346 2658 1409 2678 nec
1428 2652 1506 2678 sunt
1522 2648 1554 2678 F
1667 2658 1684 2686 7
1708 2658 1785 2678 con·
1875 2639 1883 2706 l?

257 2696 423 2738 tinuandi]
441 2698 667 2729 conservandi
683 2698 718 2728 D
895 2699 916 2729 8
941 2699 1017 2739 Set]
1037 2699 1075 2729 In
1093 2699 1126 2729 F
1306 2710 1343 2730 12
1367 2699 1493 2740 locum]
1511 2699 1531 2729 l.
1551 2699 1738 2729 naturalem
1756 2699 1789 2728 D
1879 2726 1881 2739 ς

261 2757 297 2785 17
323 2748 434 2788 istius]
453 2749 542 2779 illius
559 2749 602 2780 F:
633 2750 731 2788 hujus
747 2749 781 2779 D
917 2751 955 2779 18
981 2750 1094 2790 istius]
1112 2751 1211 2789 hujus
1229 2750 1262 2780 D
1394 2752 1435 2781 28
1461 2749 1560 2790 dicit]
1577 2750 1647 2780 vult
1663 2749 1725 2779 FD
1875 2760 1882 2783 ,ι
