1898 3126
792 113 872 156 193

69 220 181 259 linea
220 216 447 262 circularis,
482 222 524 256 et
566 216 664 257 huic
707 216 816 258 linee
856 219 1168 270 correspondet
1210 218 1321 258 linea
1363 218 1596 265 circularis,

70 299 154 340 que
175 285 380 327 terminat
406 291 549 338 partes
571 285 812 338 superficiei
835 298 1022 326 concave
1044 285 1238 335 locantis‚
1261 299 1344 338 que
1365 292 1429 326 est
1451 286 1571 326 locus
1589 302 1595 332 ς

71 362 113 396 θῖ
136 354 207 395 illa
226 353 340 394 linea
361 352 588 402 circularis,
609 366 694 406 que
717 360 782 394 est
805 354 1015 394 terminus
1039 354 1131 402 loci,
1150 355 1264 406 jacet
1287 367 1417 405 super
1438 354 1595 394 lineam

71 422 332 471 circularem,
365 435 450 474 que
482 428 548 462 est
579 422 837 463 extremitas
868 421 1107 475 superficiei
1144 422 1417 462 terminantis
1455 428 1599 474 partes

35 490 262 545 5corporis
298 488 441 539 locati,
479 495 523 529 et
561 489 757 531 continet
798 504 905 530 eam.
982 489 1039 530 Et
1082 490 1183 542 quia
1225 495 1368 542 partes
1409 490 1600 542 corporis

74 559 199 601 locati
236 557 525 599 terminantur
565 559 899 610 quodammodo
941 559 996 599 ad
1040 558 1158 598 illam
1200 558 1371 606 lineam,
1409 570 1494 610 que
1535 564 1598 597 est

73 626 327 669 extremitas
348 625 588 679 superficiei
622 627 852 667 dividentis
878 625 880 681 j
906 641 991 676 eas,
1014 640 1115 667 nam
1138 626 1282 680 primo
1311 625 1599 666 terminantur
1620 640 1657 669 55

73 697 126 736 ad
163 694 434 749 superficiem
471 694 592 746 cujus
628 702 694 735 est
728 695 808 735 hec
849 695 1208 744 circumferencia,
1245 694 1501 735 secundario
1543 694 1597 734 ad

73 777 166 806 eam
221 763 628 811 circumferenciam,
671 770 714 803 et
768 763 829 803 illi
887 763 1238 804 circumferencie
1287 764 1598 816 correspondet

18 853 55 875 ιο
72 832 420 874 circumferencia
466 831 679 885 copulans
733 838 878 884 partes
921 833 1015 878 loci,
1058 838 1101 872 et
1143 839 1207 872 est
1250 831 1484 871 consimilis
1525 832 1598 870 cir-

73 901 369 949 cumferenda,
393 906 436 940 et
458 899 693 941 conformis
726 901 776 948 ei,
798 907 841 941 et
868 914 943 954 per
967 913 1237 953 consequens
1267 906 1332 940 est
1364 899 1598 940 conformis

73 969 310 1023 superficiei
362 968 584 1023 copulanti
630 974 777 1021 partes
827 969 966 1021 locati,
1008 969 1130 1021 cujus
1170 968 1411 1022 superficiei
1455 974 1600 1020 partes

73 1038 419 1079 circumferencia
437 1037 509 1078 illa
525 1036 715 1091 copulat.
775 1037 892 1087 Ideo,
910 1051 988 1091 pro
1005 1044 1130 1078 tanto
1148 1037 1403 1089 intelligitur
1419 1038 1598 1077 verbum

73 1107 322 1147 Aristotelis
355 1106 467 1147 male
493 1106 767 1155 translatum,
799 1106 973 1156 scilicet,
1005 1107 1122 1159 quod
1153 1106 1206 1146 ad
1235 1106 1421 1146 eundem
1452 1105 1599 1146 termi-

19 1194 54 1224 15
76 1189 175 1216 num
211 1175 472 1230 copulantur
507 1181 653 1229 partes
686 1175 767 1216 loci
800 1181 843 1216 et
880 1176 1020 1223 locati,
1054 1175 1095 1215 id
1129 1182 1205 1224 est,
1238 1175 1292 1214 ad
1329 1173 1599 1214 consimilem

74 1245 497 1297 correspondentem,
521 1250 568 1284 ut
590 1243 757 1284 dictum
780 1251 859 1284 est.

133 1311 179 1353 Si
212 1312 354 1353 adhuc
385 1313 610 1363 obiciatur,
632 1314 750 1365 quod
783 1313 816 1352 si
850 1312 971 1353 locus
1003 1318 1068 1353 est
1100 1311 1360 1365 superficies,
1387 1324 1503 1364 ergo,
1528 1310 1599 1349 ubi

77 1387 202 1422 erunt
243 1381 386 1434 plures
429 1381 677 1434 superficies
719 1387 845 1422 erunt
881 1382 1007 1435 plura
1049 1382 1154 1429 loca,
1188 1379 1296 1420 sicut
1338 1379 1380 1418 in
1422 1391 1602 1431 corpore

77 1463 279 1503 exagono
308 1451 478 1491 locante
509 1450 625 1490 aliud
655 1463 811 1503 corpus
843 1463 1107 1504 exagonum,
1130 1455 1177 1489 ut
1208 1448 1248 1488 in
1275 1448 1386 1488 cubo
1418 1447 1527 1487 sicut
1560 1446 1600 1485 in

20 1538 56 1559 20
76 1518 241 1567 taxillo,
259 1524 301 1559 et
324 1525 470 1560 tamen
495 1532 652 1572 corpus
675 1518 782 1559 illud
804 1518 939 1559 habet
965 1531 1099 1558 unum
1124 1518 1266 1558 locum
1290 1518 1394 1557 dum
1419 1516 1602 1568 quiescit

78 1587 119 1626 in
148 1587 301 1628 eodem
335 1587 444 1638 situ;
477 1588 711 1628 dicendum
740 1595 817 1638 est,
840 1589 960 1640 quod
993 1587 1102 1627 sicut
1134 1592 1197 1626 θεῖ
1230 1598 1315 1626 una
1346 1584 1603 1638 superficies,

76 1655 135 1696 sic
166 1661 230 1696 est
262 1670 371 1696 unus
402 1657 532 1707 locus,
555 1664 598 1697 et
629 1658 739 1698 sicut
765 1656 912 1710 plures
938 1656 998 1696 sic
1026 1656 1152 1709 plura
1182 1655 1288 1696 loca.
1354 1654 1471 1694 Nam
1501 1653 1604 1692 licet

78 1724 254 1775 dicatur,
287 1738 445 1778 corpus
480 1725 567 1766 tale
602 1725 762 1766 habere
795 1738 874 1765 sex
912 1724 1162 1777 superficies
1197 1721 1420 1776 pardales,
1456 1728 1603 1761 tamen

78 1794 209 1834 habet
251 1807 381 1834 unam
431 1793 704 1848 superficiem
746 1794 1051 1846 compositam,
1092 1805 1175 1844 que
1220 1797 1287 1831 est
1333 1804 1444 1830 unus
1485 1790 1604 1829 locus

21 1878 58 1909 25
80 1863 355 1916 compositus,
377 1869 420 1903 et
443 1863 581 1915 magis
604 1869 668 1903 est
693 1875 803 1902 unus
825 1875 957 1914 quarn
980 1861 1134 1914 plures,

135 1929 180 1971 Si
222 1931 435 1972 obiciatur
471 1929 629 1972 sorcius
670 1932 725 1971 de
756 1931 888 1983 virga,
920 1930 1042 1982 cujus
1078 1927 1212 1969 tercia
1244 1940 1344 1981 pars
1377 1926 1523 1978 figitur
1561 1927 1603 1965 in

79 2005 200 2050 terra,
221 2007 264 2040 et
290 2000 375 2041 alia
404 2000 537 2041 tercia
563 2000 605 2039 in
636 2013 763 2052 aqua,
786 2005 830 2038 et
858 1998 1021 2050 reliqua
1049 1997 1091 2036 in
1124 2009 1235 2045 aere,
1257 2000 1428 2036 constat
1459 1995 1604 2047 plures

79 2080 171 2107 θεεθ
207 2067 456 2121 superficies
491 2081 670 2109 numero
705 2068 896 2107 diversas
929 2071 972 2105 et
1006 2065 1251 2113 distinctas,
1280 2063 1450 2113 scilicet,
1480 2070 1603 2104 terre.

80 2148 201 2188 aque,
227 2137 337 2177 aeris
358 2150 366 2186 ;
399 2150 513 2190 ergo,
534 2137 629 2177 loca
653 2142 777 2176 erunt
800 2135 892 2184 tria,
915 2135 949 2174 si
977 2132 1225 2186 superficies
1247 2138 1312 2173 est
1335 2132 1465 2172 locus.
1528 2130 1605 2171 Set

23 2220 62 2250 30
80 2204 197 2258 virga
233 2206 389 2245 dicitur
434 2205 595 2246 habere
632 2204 775 2245 locum
820 2216 951 2243 unum
990 2209 1033 2242 et
1075 2203 1259 2242 eundem
1306 2200 1462 2249 locum,
1505 2199 1605 2252 quia

82 2273 314 2314 immobilis
337 2279 404 2314 est
427 2274 663 2314 secundum
687 2272 833 2312 locum
853 2285 861 2321 ;
888 2284 1002 2323 ergo,
1021 2270 1142 2310 locus
1165 2282 1253 2310 non
1276 2275 1342 2310 est
1358 2267 1605 2322 superficies

81 2340 272 2382 locantis.
350 2341 596 2382 Dicendum
629 2346 709 2388 θεῖ,
742 2340 861 2392 quod
892 2344 1105 2392 quantum
1139 2344 1205 2378 est
1238 2338 1292 2377 de
1325 2336 1421 2377 loco
1453 2335 1534 2385 hic,
1559 2340 1605 2374 ut

81 2416 144 2449 est
167 2410 385 2461 quantitas
407 2410 466 2450 sic
494 2410 609 2449 enim
633 2408 701 2449 hic
727 2407 958 2460 loquimur,
981 2406 1176 2447 dicemus
1198 2406 1316 2458 quod
1338 2411 1426 2445 tres
1457 2417 1604 2456 super-

82 2476 197 2517 ficies
233 2485 332 2518 sunt
368 2477 463 2518 loca
496 2477 591 2525 tria,
619 2483 662 2516 et
699 2476 817 2527 quod
850 2475 972 2528 virga
1005 2487 1091 2514 non
1127 2474 1262 2514 habet
1294 2485 1428 2512 unum
1461 2471 1604 2511 locum

131 2631 189 2660 173
213 2626 246 2652 et
263 2621 339 2652 huic
358 2645 365 2653 .
383 2645 390 2652 .
411 2646 417 2652 .
435 2621 525 2652 linea
541 2620 714 2651 circularis
731 2629 796 2649 om.
816 2619 851 2649 D
950 2629 987 2648 12
1012 2618 1127 2658 locati]
1147 2617 1255 2648 lociF
1353 2618 1456 2655 14-16
1481 2616 1606 2646 seilicet

83 2696 91 2703 .
110 2696 117 2703 .
138 2696 144 2703 .
163 2673 289 2704 dictum
307 2678 359 2704 est
376 2684 441 2704 om.
459 2672 492 2702 F
644 2673 682 2701 16
706 2671 848 2711 dictum]
866 2671 960 2710 prius
977 2670 1103 2700 dictum
1121 2669 1155 2699 D
1311 2678 1359 2707 17,
1382 2669 1420 2698 18
1445 2677 1525 2707 ergo
1543 2691 1550 2698 .
1572 2691 1576 2697 .
1597 2691 1603 2697 .

86 2724 280 2764 superficies
296 2734 360 2755 om.
379 2724 411 2754 F
497 2725 539 2754 26
563 2723 617 2764 Si]
636 2723 697 2754 Set
713 2722 746 2752 F
829 2732 872 2761 3ο
889 2727 941 2761 pr.
960 2722 1069 2752 locum
1086 2731 1152 2752 om.
1172 2720 1235 2749 FD
1325 2730 1377 2759 33,
1393 2729 1434 2758 34
1458 2724 1527 2750 tres
1543 2742 1550 2748 .
1572 2742 1577 2748 .
1601 2743 1605 2747 .

83 2775 161 2815 tria]
178 2775 239 2805 tria
256 2780 335 2806 sunt
350 2775 423 2806 loca
441 2776 528 2806 sicut
545 2780 617 2806 tres
633 2774 833 2814 superficies
850 2773 914 2803 FD
1047 2783 1087 2812 34
1111 2771 1231 2812 unum]
1250 2772 1314 2802 nisi
1334 2781 1436 2801 unum
1456 2770 1487 2799 F

1676 642 1693 661 :1

1716 640 1721 659 l
1735 656 1739 661 .
