1877 3131
776 171 853 214 171

56 277 236 325 stultus;
269 290 371 318 nam
401 276 607 316 estimant
637 274 758 314 multi
781 274 902 326 quod
934 273 1098 314 instans
1124 279 1190 313 est
1218 280 1315 314 tota
1336 274 1586 314 substancia

56 346 276 401 temporis,
299 352 343 386 et
374 345 492 397 quod
525 357 659 384 unum
691 344 857 384 instans
879 355 1052 396 semper
1083 349 1231 383 manet
1254 343 1584 395 quodammodo

56 418 98 457 in
136 421 232 456 toto
264 421 479 468 tempore,
506 419 550 453 et
582 413 699 466 quod
737 425 871 452 unum
908 418 951 452 et
980 413 1096 453 idem
1124 418 1189 452 est
1215 426 1388 466 semper
1417 412 1460 452 in
1489 419 1586 453 toto

57 491 253 538 tempore
306 482 545 524 secundum
595 481 901 528 substanciam,
949 481 1163 521 variatum
1207 481 1445 521 secundum
1496 495 1589 522 esse

21 569 39 601 5
58 561 217 604 tamen,
248 552 350 605 quia
381 549 646 591 Aristoteles
678 550 782 590 dicit
814 549 1065 601 aliquando,
1097 551 1214 601 quod
1246 550 1412 590 instans
1444 556 1593 590 manet

58 621 297 663 secundum
314 619 625 669 substanciam,
642 618 858 659 variatum
876 619 1113 659 secundum
1132 631 1239 667 6556,
1253 619 1362 658 sicut
1383 617 1588 659 Socrates

60 691 102 731 in
140 690 313 730 theatro
350 695 394 729 et
427 689 470 728 in
506 687 627 737 foro3
660 694 703 728 et
736 687 841 727 dicit
872 688 989 739 quod
1022 687 1187 727 instans
1218 687 1412 740 sequitur
1444 687 1585 739 ipsum

58 758 330 806 translatum,
354 764 396 797 et
425 756 685 797 translatum
712 763 780 796 est
803 756 917 796 idem
947 757 1188 796 secundum
1219 757 1515 797 substanciam
1546 756 1588 795 in

59 834 154 869 toto
192 833 328 874 motu,
364 825 463 867 licet
500 826 692 866 varietur
733 826 970 866 secundum
1013 839 1119 866 esse.
1193 825 1271 867 Set
1313 814 1589 878 decipiuntur

12 915 43 936 ,ο
61 897 190 938 nimis
222 897 266 936 in
296 895 376 935 hiis
401 895 557 942 verbis5
579 908 681 935 nam
714 894 796 935 hee
825 895 1085 936 autoritates
1121 895 1376 936 Aristotelis
1404 901 1504 935 sunt
1533 894 1588 933 de

61 966 239 1007 instanti
273 971 451 1019 propter
475 964 646 1004 fluxum
677 977 819 1013 suum,
852 978 927 1018 per
960 978 1090 1017 quem
1124 964 1257 1004 habet
1283 964 1452 1004 diversa
1484 977 1590 1012 esse,

59 1037 170 1077 sicut
186 1034 303 1088 prius
325 1033 576 1087 expositum
595 1040 671 1080 est,
685 1046 762 1073 nec
785 1033 903 1073 aliud
922 1033 1109 1073 intendit
1131 1047 1208 1086 per
1221 1033 1299 1072 has
1321 1032 1590 1073 autoritates.

62 1105 143 1145 Est
191 1104 306 1143 enim
355 1103 518 1142 instans
571 1103 686 1142 idem
735 1103 975 1142 secundum
1023 1102 1329 1149 substanciam,
1370 1101 1589 1141 diversum

61 1173 298 1214 secundum
322 1184 426 1219 esse,
449 1170 559 1211 sicut
581 1171 747 1211 dictum
769 1176 845 1221 est,
868 1175 934 1210 set
955 1183 1042 1210 non
1064 1176 1243 1223 propter
1265 1170 1346 1211 hoc
1370 1175 1434 1209 est
1456 1182 1589 1210 unum

0 1232 43 1289 ¹15
63 1243 226 1283 instans
247 1252 420 1293 semper
442 1252 623 1279 manens
645 1240 687 1278 in
720 1245 815 1278 toto
844 1245 1059 1292 tempore,
1080 1252 1158 1278 nec
1186 1239 1229 1278 in
1254 1238 1364 1278 alico
1393 1245 1592 1290 tempore

0 1298 4 1351 i
63 1311 180 1357 dato,
203 1322 305 1349 nam
335 1307 491 1348 saltem
514 1309 557 1347 in
586 1307 781 1360 quolibet
814 1314 1012 1360 tempore
1042 1309 1146 1348 dato
1172 1314 1237 1347 est
1260 1321 1392 1347 unum
1426 1308 1592 1348 instans

0 1393 2 1400 ⁸
64 1380 106 1420 in
128 1377 352 1431 principio,
369 1382 412 1417 et
433 1376 551 1416 aliud
569 1377 611 1415 in
634 1376 729 1426 fine,
747 1382 789 1416 et
812 1375 980 1416 infinita
1001 1377 1043 1415 in
1066 1377 1224 1422 medio,
1247 1382 1312 1416 set
1334 1377 1375 1416 in
1394 1376 1590 1428 potencia

64 1446 393 1501 quodammodo
431 1451 474 1485 et
511 1446 554 1484 in
587 1450 687 1485 actu
729 1444 852 1495 alico,
882 1444 885 1496 Ι
914 1445 1089 1493 scilicet,
1126 1445 1269 1485 medio
1313 1446 1444 1485 modo
1483 1446 1594 1484 inter
1613 1447 1788 1489 F.99b2.

67 1523 211 1558 actum
252 1521 295 1556 et
332 1515 594 1568 potenciam,
625 1515 734 1554 sicut
769 1520 931 1567 puncta
964 1515 1006 1553 in
1045 1515 1189 1554 medio
1222 1514 1344 1554 linee.
1408 1513 1593 1566 Decepti

7 1604 48 1648 ρο
66 1586 195 1639 igitur
235 1590 410 1638 propter
442 1584 699 1623 autoritates
731 1583 986 1623 Aristotelis
1019 1583 1132 1624 male
1165 1583 1403 1623 intellectas
1434 1583 1489 1623 ab
1521 1583 1594 1628 eis,

65 1661 131 1695 set
151 1652 458 1705 intelligendas
481 1658 528 1692 ut
550 1652 711 1692 dictum
737 1658 812 1701 est,
835 1651 1007 1705 fingunt
1029 1651 1147 1704 quod
1171 1659 1283 1692 nunc
1306 1650 1561 1704 replicatum
1587 1648 1590 1703 Ι

66 1736 142 1777 per
162 1735 256 1763 esse
279 1722 459 1770 diversa,
478 1721 578 1761 facit
609 1729 795 1773 tempus,
819 1727 861 1761 et
884 1721 943 1760 ita
973 1726 1122 1760 manet
1149 1734 1322 1773 semper
1345 1721 1593 1761 substancia
1613 1724 1652 1763 48
1671 1724 1690 1754 b
1712 1731 1737 1754 1-

68 1792 201 1845 ipsius
222 1804 336 1830 nunc
358 1796 424 1830 set
452 1803 544 1830 esse
575 1796 674 1829 sunt
697 1790 874 1830 variata.
940 1789 1019 1830 Set
1048 1803 1146 1830 cum
1179 1789 1428 1829 substancia
1460 1789 1594 1840 ipsius

67 1873 181 1900 nunc
203 1866 246 1900 et
267 1873 345 1899 sua
376 1872 470 1899 esse
499 1859 587 1898 sint
614 1858 906 1907 indivisibilia,
930 1871 1151 1910 nunquam
1186 1857 1347 1898 faciunt
1380 1856 1595 1898 divisibile

9 1919 48 1979 l25
68 1942 145 1969 nec
167 1935 392 1981 quantum.
455 1927 581 1973 Item,
606 1927 746 1978 ipsum
775 1927 952 1973 instans,
974 1927 1210 1966 secundum
1234 1926 1529 1966 substanciam
1551 1931 1596 1965 et

67 1997 235 2037 fluxum
273 2009 415 2046 suum,
452 2001 672 2035 coartatur
710 1996 822 2035 inter
857 1995 986 2035 finem
1021 1995 1215 2048 preteriti
1252 2001 1293 2034 et
1337 1994 1595 2047 principium

0 2080 3 2105 ι
68 2066 211 2114 futuri,
233 2078 335 2104 nam
361 2065 599 2105 secundum
622 2063 918 2103 substanciam
942 2077 1065 2103 suam
1089 2064 1316 2104 continuat
1338 2063 1594 2116 preteritum

68 2141 111 2176 et
131 2134 336 2182 futurum,
359 2138 402 2172 et
425 2133 665 2172 secundum
689 2146 783 2173 esse
806 2145 940 2172 unum
963 2138 1028 2172 est
1052 2131 1148 2172 finis
1166 2132 1357 2185 preteriti
1381 2138 1424 2172 et
1446 2143 1597 2172 secun·

0 2203 3 2236 l
68 2204 174 2244 dum
210 2201 328 2242 aliud
369 2208 433 2241 est
469 2201 730 2254 principium
765 2201 909 2241 futuri.
972 2201 1032 2240 Et
1069 2201 1199 2241 nichil
1243 2201 1341 2253 plus
1379 2201 1598 2240 invenitur

0 2272 123 2312 &ode
152 2270 329 2311 instanti
374 2270 612 2310 secundum
656 2270 920 2310 sentenciam
965 2269 1231 2319 Aristotelis,
1273 2276 1315 2310 et
1359 2269 1596 2309 secundum

69 2340 329 2387 veritatem;
362 2352 478 2391 crgo,
509 2345 603 2378 tota
633 2339 882 2379 substancia
915 2338 1106 2390 preteriti
1136 2346 1179 2379 et
1206 2338 1335 2378 futuri
1366 2337 1598 2390 requiritur

71 2409 244 2449 aliunde
266 2421 398 2460 quam
421 2408 477 2448 ab
501 2408 690 2447 instanti.
755 2407 880 2457 Item,
901 2408 943 2446 in
975 2407 1092 2447 nulla
1121 2409 1365 2460 quantitate
1395 2407 1599 2447 continua

6 2492 14 2543 ξι
71 2484 133 2518 est
169 2478 285 2530 quod
320 2490 446 2516 suum
481 2476 738 2516 indivisibile
773 2476 902 2516 saciat
936 2477 1053 2528 quod
1089 2482 1154 2515 est
1191 2475 1406 2516 divisibile
1444 2476 1485 2515 in
1520 2488 1597 2523 ea3

7 2539 15 2621 ,1
72 2559 184 2599 ergo,
225 2559 302 2585 nec
342 2545 423 2585 hic.
501 2544 831 2596 Consequencia
873 2550 1007 2596 patet,
1049 2545 1151 2596 quia
1196 2545 1336 2584 omnis
1377 2545 1598 2596 quantitas

6 2615 7 2619 ’
38 2614 275 2661 5continua
311 2613 445 2653 habet
482 2614 664 2653 eandem
702 2613 917 2653 racionem
960 2613 1164 2661 continui,
1207 2613 1308 2664 quia
1340 2613 1494 2652 eadem
1532 2618 1598 2652 est

120 2745 157 2766 12
181 2736 270 2766 aliud
287 2746 352 2766 om.
370 2735 405 2765 D
524 2737 562 2766 16
587 2735 678 2775 nam]
698 2746 763 2766 non
781 2734 814 2764 F
928 2745 970 2766 20
995 2734 1203 2765 Aristotelis.
1252 2733 1346 2764 Haec
1361 2733 1455 2765 verba
1473 2732 1550 2764 add.
1569 2733 1603 2764 D

75 2792 152 2817 sunt
169 2788 210 2817 de
228 2787 365 2817 instanti
517 2797 558 2826 23
584 2787 678 2827 esse]
697 2796 774 2817 esse
793 2786 865 2825 ejus
881 2786 916 2816 D
1063 2796 1104 2824 24
1128 2795 1203 2816 esse
1220 2785 1304 2825 sint]
1323 2795 1398 2816 esse
1416 2786 1602 2816 secundum

74 2839 295 2869 substanciam
314 2842 391 2869 sunt
408 2838 442 2868 D
576 2849 617 2877 34
642 2838 735 2879 quia]
753 2839 841 2878 quod
858 2838 892 2867 D
1023 2847 1066 2877 35
1093 2838 1234 2868 eandem
1251 2848 1315 2868 om.
1335 2837 1369 2867 F

797 2904 829 2934 N
854 2906 877 2934 2
1092 2906 1095 2907 ⁷
