1898 3126
112 1183 223 1225 (⁷4b2

34 1670 70 1700 F.
96 1669 155 1701 106
174 1680 192 1700 a
213 1678 238 1700 1.

983 115 1064 154 224

252 218 364 258 sicut
382 219 453 259 illa
476 219 518 258 in
540 218 699 271 quibus
717 219 964 259 incaustum
988 225 1031 258 et
1052 218 1198 259 oleum
1219 224 1262 258 et
1283 218 1533 272 hujusmodi
1553 224 1787 271 ponuntur,

256 293 298 326 ct
320 286 455 328 eciam
477 301 580 327 vasa
603 287 815 328 lavatoria
840 288 1055 328 habencia
1082 287 1242 328 collum
1266 293 1309 328 et
1339 286 1550 328 orificium
1574 287 1788 336 strictum,

257 362 299 396 et
322 355 601 397 latitudinem
625 356 667 396 in
693 356 838 405 fundo,
862 358 972 396 sicut
994 356 1171 409 ampule
1193 355 1261 395 vel
1285 356 1479 405 urinalia,
1501 363 1545 397 et
1567 355 1788 408 perforan-

255 430 324 464 tur
346 425 387 464 in
412 424 503 465 basi
527 424 675 465 multis
699 425 977 465 foraminibus
999 426 1054 465 ad
1079 425 1347 466 abluendum
1375 438 1541 474 manus,
1564 425 1607 464 in
1629 424 1789 477 quibus

254 506 371 544 aqua
408 499 613 534 contenta
647 507 734 534 non
771 494 998 534 descendit
1031 494 1066 534 si
1100 493 1311 534 orificium
1351 494 1615 545 obstruatur,
1646 499 1712 534 set
1753 492 1788 533 si

256 561 466 602 orificium
519 563 723 615 aperitur,
765 576 880 615 aqua
923 562 1150 603 descendit
1192 576 1268 615 per
1305 562 1534 604 foramina.
1613 560 1701 602 Sed
1754 561 1789 600 si

257 637 473 682 arguatur,
506 631 624 683 quod
658 644 771 683 aqua
798 631 1055 671 naturaliter
1083 631 1216 671 debet
1247 631 1522 680 descendere,
1545 643 1661 684 ergo,
1688 629 1790 670 licet

258 697 469 739 orificium
504 700 768 747 obstruatur,
800 700 942 739 adhuc
985 699 1219 739 descendet
1256 713 1354 739 cum
1390 699 1519 739 nichil
1565 698 1790 751 impediat,

258 772 526 819 quapropter
546 767 621 807 fiet
644 781 854 809 vacuum:
888 769 923 809 si
946 768 1116 808 dicatur
1138 769 1256 820 quod
1280 782 1365 808 non
1390 768 1615 809 descendit
1639 781 1693 809 ne
1714 767 1792 809 fiat

256 848 455 883 vacuum,
481 835 573 888 jam
603 842 725 889 patet
755 837 873 889 quod
906 836 987 877 hec
1018 837 1186 877 solucio
1215 835 1333 877 nulla
1370 843 1446 887 est,
1472 837 1574 890 quia
1611 836 1791 890 negacio

258 917 342 944 non
367 910 432 945 est
454 917 584 945 causa
607 903 925 945 affirmacionis'.
991 905 1069 946 Set
1091 905 1326 946 dicendum
1350 912 1413 946 est
1435 906 1553 958 quod
1573 905 1792 946 detinetur

257 973 454 1024 superius
485 987 597 1026 aqua
627 987 683 1013 ex
713 973 810 1026 lege
842 980 995 1014 nature
1027 973 1294 1025 universalis,
1325 980 1372 1014 ut
1406 974 1483 1014 fiat
1516 974 1791 1015 continuacio

257 1055 487 1093 corporum
520 1042 798 1091 naturalium,
825 1043 879 1082 ad
907 1056 1040 1095 quam
1072 1043 1269 1095 sequitur
1300 1043 1571 1090 secundario,
1594 1042 1791 1083 exclusio

258 1110 404 1158 vacu13
435 1117 478 1150 et
511 1111 609 1151 ideo
641 1111 892 1160 affirmacio,
926 1111 1102 1160 scilicet,
1136 1111 1413 1152 continuacio
1451 1112 1534 1152 ista
1565 1118 1630 1152 est
1662 1124 1792 1152 causa

258 1177 588 1230 afffirmacionis,
631 1179 805 1229 scilicet,
847 1180 1006 1232 quietis
1057 1193 1171 1232 aque
1223 1181 1264 1219 in
1313 1194 1426 1221 vase.
1519 1181 1579 1221 Et
1634 1181 1791 1221 eodem
1835 1196 1850 1226 ,-

258 1247 391 1286 modo
433 1253 497 1287 est
539 1248 596 1287 de
636 1248 749 1288 vasis
800 1248 1019 1289 curialiter
1070 1248 1207 1297 sactis,
1250 1249 1409 1302 quibus
1450 1249 1793 1302 sophisticantur

258 1315 523 1367 ignorantes,
558 1329 659 1356 nam
707 1317 768 1357 sic
814 1317 923 1357 fiunt
965 1317 1215 1369 hujusmodi
1256 1332 1371 1367 vasa,
1404 1320 1521 1370 quod
1563 1319 1606 1358 in
1643 1318 1791 1371 aliquo

259 1384 430 1423 illorum
462 1384 748 1425 infunduntur
776 1386 906 1425 simul
935 1399 1049 1438 aqua
1071 1393 1115 1427 et
1135 1387 1296 1436 vinum,
1320 1393 1362 1427 et
1389 1392 1554 1427 exeunt
1575 1400 1653 1440 per
1675 1387 1790 1427 idem

259 1453 452 1492 foramen
477 1453 602 1493 simul
626 1459 700 1493 aut
730 1454 916 1504 divisim,
939 1467 1052 1494 nunc
1080 1468 1195 1508 aqua
1223 1469 1337 1496 nunc
1365 1455 1529 1504 vinum,
1550 1455 1790 1496 secundum

259 1521 377 1573 quod
400 1521 542 1573 placet
565 1521 821 1563 effundenti.

325 1660 571 1714 Capitulum
598 1668 660 1712 7²¹1.
713 1661 763 1702 de
791 1662 873 1702 loco
902 1669 945 1702 et
970 1669 1084 1703 melu
1105 1663 1401 1716 spiritualium
1430 1664 1791 1705 subslaucz'amtm.

318 1752 538 1805 Quoniam
571 1759 719 1793 autem
755 1753 873 1793 locus
908 1753 1055 1806 aliquo
1090 1755 1223 1794 modo
1255 1756 1499 1808 assignatur
1531 1755 1793 1797 substanciis

259 1826 574 1880 spiritualibus,
599 1833 641 1867 et
667 1827 721 1867 de
742 1827 825 1868 hoc
855 1833 920 1867 est
953 1841 1127 1868 summa
1158 1828 1390 1868 difficultas
1420 1829 1705 1883 similiterque
1737 1830 1793 1870 de

261 1902 382 1936 motu
414 1896 539 1937 locali
572 1909 736 1945 earum,
762 1896 862 1936 ideo
892 1896 1125 1937 dicendum
1156 1904 1221 1937 est
1253 1897 1321 1937 hic
1347 1898 1401 1938 de
1432 1897 1513 1937 hiis
1545 1898 1718 1939 duobus
1750 1904 1794 1938 et

259 1965 399 2017 primo
423 1966 618 2018 queritur
649 1978 704 2004 an
731 1964 984 2005 substancia
1010 1965 1262 2018 spiritualis,
1287 1973 1334 2006 ut
1366 1967 1512 2006 anima
1537 1967 1603 2006 vel
1636 1966 1792 2008 intelli-

259 2034 412 2085 gencia
436 2033 484 2073 fit
508 2034 549 2073 in
573 2033 752 2074 instanti
766 2034 833 2073 vel
852 2034 894 2073 in
913 2040 1112 2088 tempore
1129 2048 1205 2087 per
1221 2035 1420 2088 spacium
1440 2035 1673 2090 corporale,
1691 2036 1793 2088 quia

259 2101 339 2141 hec
368 2103 539 2153 questio
570 2116 744 2143 annexa
778 2109 843 2143 est
875 2103 1014 2155 magis
1047 2103 1129 2143 hiis
1158 2117 1243 2156 que
1275 2104 1392 2144 dicta
1424 2111 1527 2144 sunt
1558 2104 1612 2145 de
1643 2117 1792 2145 vacuo.

262 2170 481 2218 Secundo,
512 2177 718 2224 queretur
750 2173 804 2212 de
836 2171 1055 2213 localitate
1082 2172 1429 2213 substanciarum
1461 2172 1726 2226 hujusmodi,
1748 2180 1792 2214 et

260 2240 313 2279 ad
356 2239 452 2289 hoc,
495 2240 613 2292 quod
657 2241 909 2280 substancia
950 2240 1185 2294 spiritualis
1222 2240 1298 2281 fiat
1335 2242 1378 2281 in
1412 2248 1610 2295 tempore
1643 2243 1677 2282 si
1714 2256 1793 2296 per

1813 851 1898 882 10:

1815 1990 1852 2022 25

259 2309 452 2359 spacium
482 2308 655 2357 feratur,
683 2310 926 2349 necessarie
957 2316 1058 2350 sunt
1092 2310 1287 2350 raciones
1324 2310 1521 2363 superius
1560 2311 1701 2364 posite
1734 2312 1789 2352 ad
1812 2333 1853 2365 30
1896 2351 1897 2373 i

303 2457 339 2475 21
370 2447 465 2478 Here
482 2458 500 2477 a
517 2448 642 2478 second
660 2448 750 2479 hand
769 2449 801 2479 in
820 2448 852 2479 F
867 2449 959 2488 (circ.
984 2449 1082 2489 1320)
1101 2449 1225 2480 inserts
1242 2450 1300 2480 the
1318 2450 1508 2480 remainder
1525 2451 1562 2481 of
1575 2451 1642 2482 this
1659 2456 1746 2491 part.

303 2568 366 2604 5—6
389 2568 417 2596 si
447 2567 614 2598 orificium
647 2591 654 2599 .
689 2593 696 2600 .
733 2593 740 2600 .
773 2570 949 2600 descendit
980 2580 1046 2600 om.
1080 2570 1112 2600 F
1312 2572 1333 2599 6
1356 2570 1524 2611 aperitur]
1556 2571 1728 2610 aperiatur
1757 2571 1792 2602 D

261 2628 277 2655 7
303 2618 478 2658 arguatur]
496 2620 648 2658 arguitur
664 2620 698 2649 D
844 2622 864 2650 8
889 2621 1068 2662 impediat]
1087 2622 1249 2660 impediet
1266 2621 1301 2651 D
1458 2631 1495 2660 17
1522 2621 1614 2662 nam]
1632 2623 1742 2653 omnia
1757 2623 1792 2653 D

260 2679 298 2699 21
328 2669 517 2708 Capitulum
535 2695 542 2702 .
565 2696 571 2702 .
590 2695 596 2701 .
614 2672 883 2702 substanciarum
902 2683 967 2704 om.
988 2673 1021 2702 F
1121 2673 1313 2712 Capitulum
1330 2675 1387 2703 6¹1¹.
1405 2673 1440 2702 D
1593 2684 1634 2704 22
1658 2674 1789 2715 aliquo]

262 2731 330 2750 uno
347 2721 382 2750 D
477 2732 518 2760 23
542 2723 687 2763 summa]
705 2724 865 2754 similiter
882 2735 949 2754 una
964 2724 1000 2754 D
1089 2726 1131 2755 26
1154 2725 1327 2766 tempore]
1345 2730 1498 2764 tempore
1514 2725 1567 2756 vel
1584 2726 1618 2756 in
1636 2727 1745 2757 celum
1762 2725 1796 2756 F

261 2782 300 2810 27
326 2773 448 2813 vacuo]
467 2784 582 2813 vacuo⁷
604 2775 681 2805 ideo
699 2775 752 2806 hic
770 2776 803 2806 in
822 2776 972 2815 capitulo
991 2776 1032 2807 de
1050 2787 1157 2807 vacuo
1177 2777 1219 2807 de
1236 2777 1301 2808 hoc
1327 2776 1507 2807 dicendum
1526 2780 1588 2807 est.
1611 2776 1644 2806 F
